2650 4700
203 198 258 274 se
561 178 927 250 norrununsorm

149 346 265 462 ¹ss'Et
287 374 459 456 mandare
481 374 568 467 suis,
590 373 710 474 aliqua
734 378 796 450 aut
810 396 967 475 sperare
992 372 1172 477 sepulcre,

262 483 313 558 Et
336 505 409 558 non
435 480 624 577 aequoreis
646 478 806 578 piscibus
831 501 916 553 esse
940 478 1065 553 cium.
1124 500 1131 506 ·

212 586 355 683 Fingite
380 606 437 657 me
462 580 605 678 dignum
630 580 694 655 tali
718 602 831 671 nece3
857 604 930 656 non
954 603 1027 678 ego
1049 577 1153 655 solus

261 689 331 765 flio
354 683 485 763 vehor:
510 685 701 759 immeritos
725 707 790 760 our
814 704 895 759 mea
914 706 1034 784 poena
1057 680 1189 758 canite

551 848 599 909 55.
636 850 694 907 suis
713 850 827 928 aliquid,
845 860 969 929 sperare.
1022 880 1024 888 =

289 993 341 1055 55.
376 1013 417 1056 nr
436 1010 610 1054 misnens.
650 993 722 1052 Corn
741 994 878 1071 prioribus
904 994 1028 1052 versibus
1046 1009 1065 1051 a
1082 989 1164 1050 codd.
1190 990 1318 1049 auctori·

212 1079 272 1134 tote
292 1072 490 1132 discedendum
508 1066 616 1144 suerit,
635 1067 690 1127 hoc
716 1079 812 1128 contra
836 1072 865 1129 in
883 1071 946 1129 loco
991 1088 1069 1127 arum
1094 1069 1132 1126 illi
1157 1068 1319 1158 tribqerunt

213 1150 343 1209 editores.
387 1148 477 1207 Codd.
502 1147 630 1227 plurimi:
664 1146 736 1223 Reg.
764 1146 840 1205 Gall.
866 1147 939 1205 Mor.
970 1090 1051 1204 llusl.
1085 1143 1166 1203 Leid.
1198 1143 1319 1207 Prrckls.

213 1227 305 1286 Polat.
323 1244 379 1284 sec.
398 1226 483 1283 Bern.
504 1222 650 1282 (inelierb.¹
669 1223 766 1282 Berol.
786 1234 815 1280 et
834 1223 979 1281 duodecim
999 1223 1059 1280 aliia
1079 1219 1185 1298 aliquid
1203 1229 1232 1278 ct
1248 1228 1318 1297 spei

213 1320 288 1363 rure.
335 1301 406 1361 cod.
432 1301 551 1359 Putean.
579 1299 660 1359 Serv.
687 1299 752 1357 Rel.
778 1310 807 1357 et
832 1309 900 1359 vett.
930 1300 995 1357 edd.
1022 1317 1136 1356 omnes:
1166 1298 1319 1374 aliquast

213 1396 335 1457 operate.
373 1378 516 1436 Palatinus
555 1379 639 1433 rimus
659 1385 688 1435 et
707 1372 778 1435 duo:
806 1375 918 1452 ulicquod
941 1394 1027 1455 spem,
1045 1374 1117 1431 duoz
1144 1375 1318 1450 uliquumel

214 1473 301 1532 sper,
326 1473 386 1513 exc.
411 1454 492 1512 Voss.
545 1451 651 1510 raneos.
681 1453 763 1510 Crev.
783 1461 811 1511 et
827 1454 956 1585 princeps
981 1450 1026 1509 ed.
1053 1451 1175 1524 Heinsii,
1201 1450 1240 1507 de
1261 1454 1319 1526 qud

214 1541 308 1589 temen
333 1531 432 1588 dubius
457 1549 533 1587 sum:
559 1526 666 1605 aliquid
682 1547 803 1605 sperare.
848 1530 919 1586 Com
939 1530 1002 1586 ianr
1024 1526 1117 1604 aliquo
1136 1545 1223 1604 spon,
1242 1543 1318 1583 unus

214 1607 384 1667 Vaticanusr
410 1604 505 1683 atquo
528 1623 640 1683 merore
664 1604 799 1682 sepulcro.
846 1605 903 1673 Qui
929 1604 1010 1662 codd.
1035 1602 1206 1680 sepulcrum,
1234 1601 1318 1678 quive

322 1702 343 1741 o
359 1683 492 1756 habeant,
511 1681 547 1740 de
569 1682 724 1739 Heinsianis
742 1701 799 1741 non
817 1682 883 1739 satis
911 1689 1036 1754 constat3
1057 1680 1117 1736 u'tru
1168 1696 1203 1736 ue
1222 1677 1318 1735 Fran&

216 1759 445 1836 nicquetum
463 1757 608 1816 Guelferb.
628 1757 713 1815 Bern.
740 1752 834 1815 Berol.
863 1754 945 1815 Creu.
970 1754 1104 1833 scpulcra,
1115 1756 1178 1813 Re.
1198 1752 1230 1812 et
1247 1761 1317 1817 vett·

217 1835 283 1894 edd.
303 1854 408 1894 omnes.
449 1835 494 1893 Ex
511 1836 563 1893 ista
580 1833 720 1911 farragine
736 1834 863 1891 Heinsius
882 1832 1028 1891 effinxerat
1044 1833 1208 1909 scripturam
1229 1824 1318 1891 hanel

217 1916 272 1973 Est
295 1912 431 1970 mandute
453 1914 514 1969 ortis
547 1909 654 1987 aliquid
677 1920 794 1987 'morum
820 1908 954 1986 sepulcro.
1001 1909 1033 1965 ln
1055 1926 1112 1984 que
1135 1917 1249 1965 secutus
1278 1896 1319 2005 eq

219 1989 304 2066 longe
321 1988 546 2066 paucissimorum
565 1986 647 2047 codd.
667 1987 792 2061 vestigia,
812 1986 918 2045 addidit
937 1984 1015 2042 nirnis
1041 1984 1138 2041 multa.
1177 1983 1318 2043 numan-2

217 2083 271 2123 uus
289 2066 318 2121 in
336 2082 392 2121 sec.
412 2063 532 2120 editione
550 2063 583 2118 iis
602 2061 744 2134 detractis,
784 2080 837 2118 uae
855 2062 985 2118 Heinsius
1010 2070 1179 2133 novaverat,
1205 2064 1318 2119 tamena

218 2139 325 2216 aitqutd
342 2157 453 2215 sperare
472 2139 593 2195 retinuit.
632 2138 664 2193 lu
690 2156 746 2213 quo
764 2081 851 2195 llacto
873 2137 999 2196 desidero
1018 2138 1137 2215 primum
1156 2135 1244 2193 fidem
1263 2137 1318 2193 cri·

217 2218 311 2288 ticam,
331 2214 431 2272 deinde
451 2231 579 2271 numeros
596 2209 757 2286 Ouidianos,
776 2222 835 2270 turn
854 2214 1037 2291 elegantiam,
1055 2221 1197 2292 postremo
1223 2212 1319 2325 aptenq

217 2291 391 2350 sententiam.
431 2289 549 2347 Codices
568 2287 622 2344 alia
641 2289 734 2344 omnia
760 2290 889 2357 suadent.
933 2290 1050 2347 Numeri
1075 2291 1230 2368 languent,
1276 2290 1317 2347 uie

240 2377 284 2426 ost
292 2366 409 2444 aliquid
428 2367 502 2444 quod
513 2374 682 2422 momentum
694 2366 805 2424 minime
823 2368 918 2441 habet,
937 2367 1047 2424 demum
1066 2367 1099 2424 fit
1112 2368 1216 2425 incisio.
1255 2310 1317 2440 due

218 2388 345 2521 legenter
363 2444 478 2501 dicitur:
498 2446 551 2500 Est
569 2439 686 2516 aliquid,
704 2443 838 2500 mandare
855 2443 910 2501 suis
934 2443 1048 2519 oltqtvid.
1086 2443 1216 2520 Denique
1228 2454 1278 2502 tes
1314 2445 1317 2458 “

220 2531 345 2579 mentum
362 2521 391 2577 in
409 2520 563 2599 procinctu,
582 2519 639 2574 sive
656 2519 751 2595 potius
775 2521 893 2578 militare
918 2520 991 2577 inter
1016 2518 1114 2577 solatia
1138 2521 1237 2579 mortis
1264 2538 1282 2576 n

220 2596 330 2655 uidetur
348 2596 491 2653 commode
510 2594 617 2652 referri.
663 2593 739 2662 Quid
765 2598 838 2653 eninr
863 2595 941 2653 militi
968 2614 1131 2653 concessum
1154 2597 1228 2670 fuit,
1255 2596 1300 2674 q'

222 2672 322 2731 Ouidio
341 2675 432 2748 patria
451 2670 594 2728 excedenti
612 2668 686 2726 idern
712 2669 854 2729 licuisset?
880 2669 995 2730 Ovidius
1023 2682 1152 2729 accurate
1176 2673 1274 2747 solet,

222 2767 278 2825 qua
297 2748 429 2819 distinxit,
447 2747 604 2822 singulatim
621 2748 769 2822 persequi,
797 2767 888 2824 neque
913 2748 1064 2825 quidquam
1086 2750 1236 2821 omittere:
1261 2743 1317 2806 vi&

222 2824 363 2884 locumin
382 2822 480 2879 eadem
499 2822 635 2878 sententia
654 2824 864 2898 copississimum
884 2825 924 2881 lb.
944 2843 971 2882 v.
993 2825 1098 2880 147-
1110 2825 1175 2881 154.
1217 2825 1317 2883 Versu

223 2901 274 2973 56,
290 2897 356 2975 quid
366 2897 410 2955 hic
418 2899 584 2975 requiratur,
603 2896 720 2957 indicat:
740 2903 867 2977 sepulcra
884 2909 970 2978 poeta
988 2908 1077 2977 optat.
1114 2902 1192 2957 Haec
1213 2903 1317 3036 utrqua

223 2976 263 3034 illi
286 2976 460 3032 morientium
487 2976 582 3050 generi
606 2978 784 3051 contingunt,
809 2975 858 3033 sed
882 2978 1009 3034 diversa:
1034 2976 1113 3033 alteri
1137 2975 1273 3035 mandata

225 3052 322 3111 sedulo
341 3060 481 3124 accurata,
501 3051 536 3106 de
555 3050 653 3127 quibus
672 3052 736 3108 vide
754 3053 859 3109 Heinsii
882 3062 992 3110 notam:
1019 3053 1099 3109 alteri
1115 3055 1208 3118 subita
1230 3063 1260 3111 et
1277 3051 1316 3110 exi

225 3139 281 3187 tem
304 3128 408 3201 oralia,
432 3128 481 3184 sed
507 3136 601 3183 tamen
626 3128 764 3202 sepulcra.
801 3128 864 3185 Hoc
888 3137 1000 3207 poterat
1025 3130 1064 3186 ita
1091 3127 1192 3186 efferre
1222 3133 1306 3209 poeti

226 3148 381 3283 quafiacum
402 3222 446 3272 ue,
466 3204 510 3260 vel
529 3203 622 3278 aliqua
640 3204 779 3337 sepulcra,
799 3204 851 3261 cfr.
869 3204 951 3262 Pont.
974 3211 1002 3279 1,
1024 3211 1052 3278 1,
1072 3208 1106 3264 4:
1132 3205 1256 3283 dumque

247 3299 299 3348 uo,
324 3279 397 3355 quoii
415 3286 441 3336 ct
459 3277 528 3336 obde
555 3278 623 3336 loco.
699 3289 750 3337 ast.
777 3284 807 3353 3,
826 3283 899 3339 598:
929 3282 1049 3357 aliquam
1079 3300 1191 3359 corpore
1223 3299 1262 3359 pr

227 3300 348 3416 domum.
388 3356 446 3412 lam
466 3374 531 3412 vero
550 3354 604 3410 hoc
625 3354 732 3431 ipsum:
753 3355 847 3432 aliqua
866 3376 921 3416 nou
941 3361 1055 3433 exiguus
1072 3357 1206 3414 librorum
1230 3341 1316 3416 numed

227 3450 275 3488 rus
290 3430 418 3488 ostendit.
455 3430 511 3487 Pro
530 3437 573 3504 et,
598 3434 675 3506 quod
694 3431 777 3490 iidem
797 3434 916 3508 habent,
942 3435 1090 3510 requiritur
1113 3437 1257 3513 particula
1274 3425 1315 3491 dd

227 3508 365 3579 iunctira,
391 3525 427 3563 ex
452 3525 508 3583 qua
533 3508 654 3582 reliquae
685 3508 873 3586 discrepantes
902 3511 1054 3587 scripturae
1085 3513 1149 3567 oriri
1172 3509 1315 3632 potumluq

227 3582 306 3658 Lege
324 3584 422 3659 igitur:
450 3588 487 3641 Et
504 3582 637 3640 mundare
654 3588 725 3657 meis,
746 3586 838 3662 aliqua
856 3595 905 3641 aut
922 3604 1035 3662 speum
1052 3587 1189 3664 sepulcra.

228 3658 322 3734 Siquis
348 3659 488 3717 elisionem
513 3669 578 3716 ante
597 3662 816 3735 monosyllabum
846 3662 1048 3739 reprehendet,
1085 3665 1153 3720 scito
1182 3665 1256 3723 talia
1285 3645 1315 3732 d

228 3733 345 3792 sectasse
368 3746 498 3814 poetam:
523 3736 591 3792 Her.
617 3740 657 3811 7,
680 3741 735 3794 47:
761 3741 883 3814 pretiosa
908 3738 973 3796 odiu
997 3746 1027 3795 et
1044 3744 1202 3798 coustantio
1229 3741 1314 3874 muqq

229 3809 267 3868 ib.
287 3814 317 3886 8,
338 3816 410 3869 103:
430 3811 523 3871 reduce
542 3821 570 3867 ct
588 3813 689 3870 uictum
706 3821 818 3889 parente
838 3819 885 3890 13,
907 3816 983 3871 135:
1003 3814 1059 3872 Sed
1078 3816 1144 3891 quid
1161 3836 1212 3893 eqo
1232 3837 1279 3877 reu

230 3886 314 3960 inec,
340 3897 369 3944 et
387 3906 480 3967 saepe.
518 3888 562 3945 De
589 3891 724 3946 vocalium
744 3909 774 3965 a,
794 3898 844 3948 aut
861 3891 994 3950 mixtione
1011 3892 1074 3949 vide
1092 3893 1178 3964 Gellii
1196 3895 1281 3952 iudici

230 3965 261 4038 7,
274 3968 322 4021 20.
332 3964 401 4022 lnsr.
412 3983 438 4022 v.
449 3966 496 4020 58.
537 3982 568 4020 ro
579 3968 633 4023 Ilio
644 3984 739 4023 omnes
758 3977 825 4025 vett.
847 3968 980 4024 editiones
999 3976 1028 4024 et
1046 3968 1128 4026 codd.
1141 3972 1291 4029 Guelferb.

232 4057 288 4097 sec.
308 4059 346 4096 m.
365 4040 436 4116 Reg.
456 3983 536 4097 Busl.J
553 4057 616 4100 cum
639 4051 748 4118 septem
769 4042 843 4100 aliisz
867 4048 939 4101 Huc.
978 4042 1119 4102 Palatinus
1141 4047 1284 4105 secundus

231 4116 384 4175 Berosus:
403 4118 485 4175 limo.
524 4114 615 4174 Possis
635 4119 778 4195 suspicari,
804 4120 892 4176 latere
919 4120 1040 4198 aliquid:
1065 4129 1094 4178 et
1113 4131 1192 4181 certe
1211 4126 1235 4190 si
1254 4126 1280 4181 le

232 4203 325 4250 retur:
346 4196 437 4261 Narco,
456 4210 553 4250 sensus
572 4213 628 4251 non
646 4196 757 4273 ineptus
776 4205 951 4255 nasceretur:
970 4197 1023 4255 alio
1042 4198 1134 4274 potius
1153 4208 1282 4279 ternpore
