2650 4700
181 161 254 226 xvi

126 370 129 377 ·
186 331 255 420 qnid
275 306 387 399 auten
407 328 450 397 rei
469 330 528 413 sit,
558 345 643 411 qnam
672 323 739 390 olim
766 324 858 410 rigide
882 326 1032 398 indientnm
1053 332 1089 399 tn·
1110 331 1302 407 conlidimusr

186 439 271 506 mobis
292 416 428 522 tantisper
452 434 558 521 pleonit
576 433 887 519 Heinsinmtanquam
909 436 1153 519 religiosissimum
1182 440 1211 503 in
1234 450 1307 505 tra.

189 545 297 619 emndls
318 543 461 610 eodioibns
482 551 588 628 quanta
607 540 665 623 ipsi
685 560 834 625 possemus
853 544 1027 609 accuratione
1046 544 1188 629 prosequi.
1232 547 1302 611 lta·

189 673 244 741 qne
265 662 350 736 qnam
377 649 514 715 rationem
534 648 565 712 in
586 649 836 714 commemorandis
855 652 936 716 oodd.
956 652 1147 717 Leideusibns
1167 653 1304 736 iniimus,

186 760 346 845 dequibus
375 755 453 823 inire
474 754 602 840 ridebis,
628 774 667 819 ne
693 775 864 821 excusamus
884 754 1006 842 quidem.
1071 759 1203 824 Praestat
1221 760 1307 825 inte-

185 864 323 935 meratam
349 864 389 933 ab
418 859 493 928 omni
520 872 603 947 parts
627 861 793 928 immortalis
816 862 871 928 riri
899 865 1009 930 serrari
1034 865 1213 948 memoriam,
1260 870 1305 935 ad

185 994 273 1060 qnam
294 970 349 1057 nisi
368 968 491 1037 animum
510 970 631 1035 subinde
659 968 770 1053 erigere
790 971 912 1052 duretur,
933 970 1025 1055 possit
1045 973 1303 1059 pudereaiiquem

86 1152 88 1157 ⁴
183 1080 260 1149 inter
278 1080 458 1145 Burmannus
479 1074 597 1142 uersari
641 1074 754 1164 Quodsi
773 1078 810 1140 ds
828 1076 942 1143 Heiosii
961 1078 1017 1141 lide
1036 1077 1125 1142 semel
1143 1080 1303 1145 dubitave-

184 1183 239 1269 ris,
259 1186 386 1250 oodienm
398 1202 461 1263 noo
474 1200 639 1268 pensorum,
659 1203 751 1268 oeque
771 1183 912 1253 malornm
931 1184 1088 1250 elevabitur
1106 1186 1222 1267 notitia,
1246 1187 1301 1271 qni

183 1313 345 1378 nunqnam,
374 1287 492 1374 opinor,
513 1293 727 1373 eomparebnnt,
747 1291 897 1375 postquam
917 1291 967 1356 ilie
986 1292 1106 1357 nolintos
1126 1293 1157 1356 in
1177 1294 1299 1361 schedis

182 1398 415 1495 lierolinensibns
427 1395 560 1482 reliquit.
601 1396 833 1482 Quandoquidem
852 1396 940 1481 igitur
958 1399 1073 1466 remotis
1092 1398 1212 1464 testibus
1234 1422 1298 1466 nou

182 1504 295 1573 idoneis
315 1508 350 1571 de
366 1505 452 1572 libris
472 1516 539 1573 ante
559 1528 610 1579 non
631 1504 762 1572 adhibitis
781 1505 875 1588 ipsam
904 1506 1017 1573 Heineii
1042 1516 1070 1571 et
1096 1508 1131 1569 de
1156 1506 1297 1574 Beroensi

115 1633 118 1637 ·
183 1612 310 1681 Stettleri
329 1613 412 1677 tidem
434 1614 671 1698 interposuimus,
696 1634 748 1696 pro
768 1611 823 1693 iis,
852 1632 924 1695 qnos
942 1615 999 1698 ipsi
1020 1612 1213 1694 excussimus,
1237 1636 1297 1679 no-

123 1740 125 1747 *
183 1729 275 1795 wem
294 1720 466 1803 obligamus,
485 1743 589 1806 operae
610 1721 681 1785 nolli
702 1740 756 1782 nos
776 1720 954 1803 perpero'mse
974 1720 1075 1787 nentis
1100 1721 1227 1784 Duorum
1248 1721 1295 1786 li·

101 1859 106 1905 ,ς
184 1829 302 1901 brorum
319 1837 405 1913 ntqne
428 1829 500 1893 tertii
531 1838 667 1914 quatenns
687 1826 783 1908 lionit,
811 1825 856 1889 rol
882 1816 1029 1889 lenissima
1046 1826 1215 1907 ‚discrimina
1235 1851 1295 1895 an.

97 2006 102 2029 ‚
178 1937 298 2019 notari,
326 1934 442 2001 resectis
463 1946 570 2000 tantum
589 1936 644 2019 iis,
673 1955 745 2019 quae
773 1930 829 1996 nisi
849 1932 896 2017 qni
917 1943 1037 1996 vermem
1057 1931 1161 2009 librum
1180 1932 1292 2001 nullum

94 2058 102 2116 ’ς
181 2040 300 2124 etdedr,
331 2043 379 2108 rel
404 2039 500 2107 animo
526 2042 735 2125 informaverit,
761 2041 863 2118 nemini
888 2041 1063 2124 prodessent.
1089 2041 1292 2125 ¹Reliquorum

98 2127 103 2141 ’
180 2151 340 2233 scripturas
359 2148 402 2213 ita
421 2147 528 2232 selegi,
556 2158 588 2214 ut
606 2150 713 2215 nnllam
732 2147 995 2234 praetermitterem,
1024 2147 1069 2210 eui
1090 2147 1221 2227 iudiqium
1242 2147 1291 2211 in-

154 2304 159 2313 .
179 2263 261 2337 esset
280 2253 504 2340 interpolationis
525 2264 575 2320 ant
601 2256 741 2322 violentae
766 2255 907 2320 bominum
936 2246 1099 2335 doctiorum,
1118 2254 1290 2329 autstnltae

178 2360 373 2447 librariorum,
393 2364 571 2449 glossemata
581 2363 793 2452 admittentium,
816 2362 863 2430 rel
881 2361 1007 2428 looornm
1023 2361 1157 2427 similium
1176 2383 1289 2448 memo-

178 2467 227 2536 uiu
245 2471 442 2556 deceptorum,
468 2472 568 2538 deinde
596 2472 721 2554 nnllam,
750 2491 822 2556 quae
842 2489 927 2534 senso
947 2467 1024 2554 omni
1044 2470 1176 2556 destituta
1194 2468 1289 2535 libra·

178 2575 257 2652 pinm
277 2579 438 2644 ostenderet
457 2580 624 2646 scribentem
644 2598 719 2666 qnae
738 2577 802 2664 ipse
821 2599 877 2642 non
898 2576 1083 2660 intelligeret:
1115 2577 1189 2662 quod
1217 2595 1289 2659 pre-

179 2681 364 2754 tiosissimum
393 2707 521 2770 errorum
548 2708 641 2771 genus
667 2706 723 2752 nee
749 2684 779 2750 in
807 2683 926 2752 mineris
951 2683 995 2750 rei
1029 2683 1110 2750 libris
1138 2682 1289 2767 aspernari

179 2790 325 2857 munit.
369 2788 486 2860 Retieui
513 2792 602 2878 igitur
625 2794 747 2887 leuiores
772 2793 876 2858 calami
900 2810 1030 2873 errores,
1059 2789 1089 2854 in
1116 2790 1187 2855 loeis
1213 2790 1289 2857 satie

178 2915 233 2981 per
252 2917 285 2961 se
304 2897 394 2994 tntisr
413 2919 479 2964 nam
499 2898 530 2964 in
550 2900 686 2985 depositis
705 2901 844 2989 peiusque
863 2899 967 2965 habitis
987 2898 1285 2984 piesnlnmienissem,

78 2987 80 2998 ¹
175 3003 207 3072 sl
233 3004 321 3096 ullum
350 3005 459 3090 apiesm
484 3018 662 3092 posterorum
691 3007 806 3073 notitiae
830 2995 1052 3078 intorsissem.
1100 3003 1193 3090 Atque
1212 3006 1287 3072 baso

173 3109 221 3194 ,ita
239 3110 462 3178 administrando
488 3115 649 3182 existimari
677 3136 743 3180 oum
769 3114 893 3181 riorum
918 3114 1100 3193 undositate,
1131 3112 1231 3195 quibus
1252 3110 1285 3178 io

171 3217 234 3304 buo
252 3238 357 3302 genere
376 3221 599 3303 praestantiores
620 3243 678 3286 nou
705 3221 818 3303 rirnnt,
840 3232 899 3287 tum
918 3225 983 3288 meo
1000 3222 1073 3288 inre.
1115 3217 1190 3284 Nam
1211 3239 1286 3303 qnos

170 3325 276 3408 ‚audire
296 3325 421 3394 solemne
441 3327 633 3411 elarnituntes,
660 3329 731 3393 nihil
759 3329 988 3414 supprimendum
1012 3348 1081 3394 esse
1101 3328 1286 3414 qnqdeunqne

175 3430 244 3498 olim
264 3432 412 3519 quisquam
433 3436 599 3504 barbatulos
618 3434 784 3519 deliquerit,
818 3436 935 3501 viderint
954 3435 1012 3518 ilii,
1041 3420 1108 3498 num
1120 3432 1286 3521 ,senessi-

165 3525 252 3604 'mum
279 3540 354 3608 istud
382 3547 470 3610 andm'
492 3567 557 3610 eum
578 3542 740 3627 bibliopolis
758 3543 859 3610 foedus
877 3553 988 3609 sartum
1010 3550 1111 3607 tentum
1131 3540 1160 3603 in
1181 3548 1284 3623 peste·

175 3666 239 3711 rum
259 3652 546 3736 praesumpserint,
566 3659 596 3717 et
620 3673 713 3717 annon
733 3650 835 3730 saltem
854 3650 1059 3734 gemmulamm
1084 3648 1202 3713 istarum
1228 3648 1284 3710 de-

173 3754 387 3823 scribendorum
406 3779 495 3825 eausa
514 3761 552 3825 ad
574 3759 632 3824 alia
650 3745 772 3823 artifinio
792 3779 813 3824 n
833 3758 1020 3843 typographis
1041 3754 1283 3836 commigrandum

172 3859 221 3929 sit.
264 3861 417 3931 Caeterum
443 3886 509 3932 enm
537 3866 720 3936 Burmannus
746 3865 858 3930 laudem
886 3866 954 3930 olim
982 3861 1192 3931 aRubnkenin
1216 3880 1283 3924 me·

169 3970 267 4053 merit,
287 3975 363 4058 quod
382 3973 465 4042 tertia
483 3974 544 4040 tere
563 3984 647 4060 parte
671 3984 839 4059 apparatum
859 3974 986 4040 eritienm
1007 3970 1195 4038 Heinsianum
1223 3968 1283 4034 ad-

168 4077 317 4166 seusu,
355 4081 440 4152 mile
467 4091 584 4172 prester
610 4080 682 4153 illud
715 4080 872 4152 boemanni
908 4080 1127 4152 additamentum
1150 4074 1278 4166 ,anm-
