2650 4700
465 212 632 280 mmnt.
1004 227 1081 306 agg

29 383 63 474 be
82 410 117 472 ob
139 425 201 470 rem
226 425 284 469 non
309 403 446 468 intellexit
468 400 692 481 Wernsdorr'rus3
718 402 773 470 tid.
797 403 878 471 Serv.
902 405 942 472 td
958 408 1082 490 dem,

29 509 63 582 ηε
79 523 139 581 opes
157 503 266 579 antiqui
285 501 386 560 milites
403 499 537 560 dicebaut.
575 499 639 558 Nec
657 499 817 560 Cornelium
836 502 971 563 Severum
989 506 1082 566 mlum

28 596 163 660 bedicendi
182 612 286 674 genere
305 612 383 652 usum
400 604 483 674 puto,
501 592 552 652 sed
573 593 656 651 etiam
682 593 751 652 alios
777 596 928 654 carminum
953 598 1082 658 heroico·

28 689 257 750 lmRomanorum
283 695 426 760 auctores,
452 686 528 745 uelut
553 686 649 763 illum,
676 686 787 765 dequo
812 687 929 748 Ovidius
944 691 1030 754 Pout.
1047 695 1079 771 l,

28 785 104 860 ⁵2²3²
142 786 250 860 stiqrse
268 785 341 840 acics
357 779 478 853 Libycos
495 785 678 856 Ronroncquc
695 775 902 858 praeiturus,
969 806 980 834 -.

28 857 140 955 limoque
157 879 181 934 is
201 874 316 934 tandem
339 872 434 932 suerit.
478 872 552 932 Nam
577 872 654 951 quod
679 871 795 933 Ovidius
818 875 905 933 Trist.
929 877 962 953 b,
979 881 1010 957 3,
1028 877 1078 942 bd.

28 963 109 1048 lipsit:
144 972 179 1028 st
198 977 324 1028 veterum
342 966 421 1042 dique
438 986 551 1027 omerus
569 986 630 1026 corr
647 972 753 1045 scripto
771 971 904 1045 oisonem,

185 1065 326 1121 Proximo
342 1078 398 1120 uon
416 1061 474 1120 illis
491 1080 550 1120 erre
567 1065 677 1121 minero
695 1080 768 1137 reor,

27 1153 58 1212 slis
77 1165 200 1234 apertum
228 1164 272 1214 est
299 1162 403 1212 certam
431 1166 577 1233 poetarum
602 1157 645 1214 sui
671 1155 802 1233 temporis
827 1155 905 1236 quasi
929 1155 1079 1218 factionem

27 1248 129 1324 signari,
146 1267 204 1308 non
225 1257 360 1307 unumst
379 1245 509 1323 alterurn,
530 1266 648 1326 quorum
667 1268 734 1306 casu
760 1246 796 1306 ad
819 1266 871 1307 nos
896 1250 994 1320 notitia
1011 1268 1078 1330 per·

27 1340 70 1398 tuit.
103 1342 159 1399 Hos
182 1341 270 1420 igitur
292 1340 386 1421 epicos
404 1341 475 1399 siin
502 1341 654 1400 carminum
677 1343 739 1422 ipso
766 1352 929 1419 argumento
953 1348 1079 1421 Augusto

27 1433 145 1493 nificatos
164 1452 226 1495 esse
245 1444 323 1494 recte
339 1433 470 1513 suspicati
487 1453 592 1511 sumus,
618 1434 747 1495 eidemne
771 1432 845 1497 istud
864 1432 973 1493 dicendi
991 1453 1079 1512 genus

27 1526 58 1582 m
74 1527 204 1604 placuisse
228 1526 410 1607 putabimus?
436 1528 480 1587 Ad
506 1547 590 1607 quem
616 1529 748 1587 Horatius
779 1528 924 1607 epistolam
949 1528 1011 1595 libri
1033 1545 1079 1587 se·

27 1617 72 1677 sudi
87 1622 197 1699 primam
217 1620 313 1704 dedit,
340 1621 388 1699 qui
405 1620 477 1681 tales
504 1621 673 1700 antiquarios
698 1622 860 1698 exagitarit,
884 1603 938 1680 nec
955 1622 1008 1700 ipsi
1026 1622 1080 1679 Ti·

27 1712 67 1769 trio
87 1716 226 1793 pepercit,
261 1710 383 1775 eroletas
408 1725 438 1773 et
461 1714 617 1774 reconditas
643 1733 724 1776 voces
757 1713 896 1773 interdum
928 1714 1080 1793 aucupanti

26 1811 64 1863 ate
77 1807 202 1866 Suetonio
223 1806 327 1867 Octar.
343 1827 369 1870 c.
387 1811 436 1867 86.
455 1809 519 1867 coll.
539 1811 566 1865 T
568 1810 605 1867 ib.
625 1812 676 1869 70.
714 1807 819 1877 Quirini
833 1808 926 1885 potius
945 1809 998 1886 ipsi
1015 1807 1080 1865 huic

26 1896 107 1974 ollegae
123 1902 302 1959 Tribuniciae
318 1903 484 1980 potestatis,
508 1902 553 1959 cni
576 1912 684 1960 certum
708 1911 769 1961 erat
793 1920 872 1980 spem
896 1887 1078 1959 ‘successionis

26 1991 148 2070 icunbere,
164 1994 296 2054 velificati
314 1997 370 2053 siut
396 1996 436 2053 illi
461 1991 585 2075 poetae?
610 1994 777 2056 Praesertim
800 2014 866 2054 cum
892 1995 921 2052 iu
939 1993 1093 2056 didacticis.

26 2085 144 2144 ominibus
162 2089 208 2146 alii
231 2098 261 2148 et
279 2099 454 2165 argumento,
473 2100 502 2147 et
521 2090 691 2147 tractationis
709 2106 814 2166 genere
838 2088 943 2147 Tiberii
961 2088 1093 2164 gratinus¹

26 2187 107 2253 optasse
122 2179 279 2239 rideantur.
315 2180 390 2240 Nam
408 2182 607 2259 astronomica,
633 2184 678 2241 vel
693 2183 865 2261 ‘astrologica
889 2199 953 2238 curu
971 2181 1000 2237 iu
1018 2180 1078 2238 Au·

25 2271 65 2337 ,cru
79 2290 170 2352 aeque,
189 2292 226 2331 ac
245 2273 571 2356 Tiberiisperngratiae
589 2276 672 2335 scribi
697 2278 849 2356 potuerint,
874 2274 931 2333 rid.
957 2274 1075 2333 Sueton.

25 2358 126 2427 burun.
152 2387 177 2427 c.
204 2369 256 2424 94.
285 2368 383 2429 Tiber.
409 2388 435 2430 c.
461 2374 530 2446 69„
553 2372 656 2449 scripta
681 2381 774 2430 tamen
792 2378 857 2428 sunt
875 2388 893 2427 a
911 2370 1079 2428 Germanico

25 2452 156 2519 iurand
180 2460 329 2518 Tiberium
354 2463 409 2520 iam
437 2463 521 2539 olim,
549 2473 581 2522 ut
606 2474 693 2541 putu,
713 2482 731 2520 a
749 2462 863 2520 Manilio
887 2460 1080 2535 adeuntem,

25 2544 77 2606 rdice
90 2552 201 2630 Jacobo,
222 2555 281 2612 viro
300 2555 415 2631 eximio,
433 2556 462 2614 iu
480 2575 577 2636 progr.
595 2556 681 2615 Posu.
702 2558 789 2614 1828.
807 2573 840 2634 p.
858 2556 889 2630 6,
907 2556 951 2629 7.,
970 2571 1023 2612 uec
1040 2551 1080 2613 ad

26 2637 163 2723 liuniarile
180 2665 199 2707 a
218 2645 335 2706 Pedone
351 2648 534 2724 Albinovano,
553 2650 601 2729 qui
617 2650 740 2709 eldeum
762 2666 812 2706 cur
830 2647 865 2705 ab
884 2646 968 2708 ovid.
994 2644 1078 2707 Pont·

25 2736 35 2802 a
49 2737 85 2806 lb,
100 2738 127 2798 4.
145 2739 297 2818 diceretur,
316 2760 372 2800 non
392 2750 470 2801 recte
487 2746 647 2821 exposuisse
671 2752 741 2824 puto
759 2740 977 2801 Wernsdorfinm
995 2739 1077 2801 Poet.
1117 2764 1120 2771 ’

25 2823 41 2884 l·
55 2832 79 2902 l,
96 2850 123 2909 p.
142 2838 195 2895 34:
217 2843 329 2915 propter
347 2834 550 2895 sublimitatem.
586 2838 698 2900 Deinde
715 2840 745 2898 in
772 2836 943 2910 Germanici,
961 2833 1081 2911 Manilii,

25 2920 119 2983 tGratii
143 2928 266 2988 versibus
291 2929 439 3006 aliquando
465 2930 715 3001 arclraismusuon
740 2930 903 3004 mediocris,
926 2928 1078 2988 obscuritas

25 3025 73 3090 ltpt
93 3018 118 3074 ln
140 3023 288 3099 posteriori
316 3033 435 3102 utroque
461 3026 607 3083 artificiose
639 3025 782 3103 quaesita,
807 3023 836 3081 in
861 3022 987 3080 omuibus
1010 3039 1078 3080 vero

26 3110 125 3169 meritas
149 3115 289 3192 quaedam
317 3115 472 3193 composita
490 3124 520 3174 et
537 3116 670 3177 affectata
694 3117 860 3195 agnoscitur.
907 3114 953 3172 De
978 3114 1078 3173 Gratis

25 3192 56 3255 ἢ*
69 3201 279 3267 Wernsdorlium
297 3206 391 3268 Poett.
410 3207 476 3268 Lat.
494 3230 533 3269 m.
554 3217 583 3287 1,
602 3231 632 3289 p.
650 3213 692 3286 7,
710 3209 748 3269 dc
771 3209 885 3268 Manilia
903 3209 1036 3265 Jacobum
1055 3207 1077 3268 1.

25 3309 66 3369 ·P·
82 3301 124 3358 12.
141 3320 183 3381 sq.
223 3302 267 3361 De
287 3300 455 3361 Germanico
474 3304 522 3383 qui
539 3306 625 3384 paulo
644 3303 782 3382 copiosius
801 3302 969 3376 disseruerit,
988 3301 1077 3361 nemi·

25 3398 57 3442 tu
75 3393 147 3452 nori:
172 3395 292 3454 fortasse
316 3395 480 3475 propediem
505 3395 642 3477 quaedam
670 3396 708 3454 de
725 3414 760 3454 eo
779 3414 796 3455 e
814 3396 899 3474 copiis
925 3395 1029 3455 Heinsii
1048 3403 1079 3456 et

26 3474 128 3544 tluaderi
145 3486 339 3567 schedulisqne
358 3489 462 3547 nostris
477 3488 654 3570 proponendi
681 3490 874 3568 opportunitas
898 3489 960 3548 erit.
998 3489 1078 3549 lutc-

26 3584 47 3626 u
65 3574 168 3640 durities
194 3581 261 3658 illa,
284 3600 359 3662 quae
382 3582 544 3661 dignitatem
570 3581 673 3657 babet,
700 3582 837 3645 neminem
862 3583 950 3642 latere
973 3593 1077 3663 potest.

25 3658 224 3734 brunenses
243 3694 351 3750 ornnes,
370 3692 439 3753 quas
454 3676 486 3737 in
504 3675 595 3754 poetis
612 3684 679 3753 post
690 3672 782 3734 Ovidii
795 3676 993 3753 relegationem
1012 3676 1078 3734 satis

26 3754 135 3831 ”enlm
149 3768 366 3844 observavimus,
386 3766 506 3825 studium
526 3766 642 3826 Tiberio
668 3765 799 3848 placendi
821 3770 889 3848 quin
913 3788 1079 3848 procreare·

26 3851 181 3920 bdubitare
204 3862 250 3921 rix
273 3863 393 3941 poterit,
420 3859 469 3938 qui
497 3859 569 3918 illius
594 3879 687 3919 mores
710 3863 835 3940 cognitos
861 3861 974 3921 babeat.
1012 3862 1077 3940 lpse

25 3933 61 3998 ΕΝ
76 3955 160 4011 tumor
177 3954 299 4015 Pedonis
316 3951 481 4014 Albinovani
499 3962 528 4011 et
550 3950 731 4032 reliquorum,
749 3974 831 4036 quem
850 3956 995 4035 preprium
1011 3952 1077 4012 buic

25 4037 73 4093 tttn‘
87 4040 167 4106 tuisse
184 4049 353 4124 dicebamus,
378 4043 540 4105 iudicandus
564 4066 600 4106 ex
617 4067 652 4107 eo
673 4049 798 4123 ridetur,
824 4045 900 4127 quod
925 4046 1076 4107 Suetonius

25 4126 80 4189 ·⁷⁰·
113 4136 253 4200 liberium
277 4139 453 4216 affectatione
470 4146 496 4198 st
515 4145 677 4200 montore
700 4143 817 4202 niumm
843 4139 1004 4202 mmmm
1020 4140 1076 4199 sti-
