2650 4700
473 202 525 266 AD
543 199 633 265 tuln.
1016 209 1091 292 οη

32 401 33 412 ’
127 390 209 466 Sunt,
227 387 326 469 quibus
339 406 429 450 uuum
447 394 578 468 opuscul
595 389 718 451 atauus
734 385 863 453 renus
880 408 960 455 crass

167 473 296 545 &rmus
311 490 441 562 perpetuo
459 481 602 559 colurum,
621 491 648 542 al

129 575 253 656 Undique
270 577 424 655 &amicus
438 575 528 649 tronti
544 595 712 656 mceponsrs
728 575 840 638 olivum.

31 667 100 729 Potuit
115 686 179 747 ergo
197 672 297 730 Gallus
316 669 450 729 eiusmodi
467 668 596 744 fabulas,
624 671 714 749 qualis
734 671 823 746 Ciris,
850 670 947 751 plures
963 674 1096 756 ueniae,

31 762 81 842 pod
96 764 211 841 negabat
229 763 360 841 Silligius.
399 762 459 823 Sed
480 782 543 822 cum
562 755 661 823 iecisse
680 782 737 822 non
763 773 887 840 constet,
914 766 983 826 illud
1002 777 1097 832 umen

31 857 174 914 mulinum
192 853 246 931 ed,
264 855 348 931 alios,
366 876 437 935 quos
462 874 548 935 supra
567 856 771 932 recensuimus,
790 859 929 936 scripsisse
947 860 1095 939 opuscula,

31 941 85 1023 >lane
106 966 175 1031 quae
200 968 265 1008 cnm
292 949 351 1008 Ciri
376 951 532 1029 comparari
558 959 735 1021 mereantur,
763 959 794 1010 ut
812 952 856 1010 rel
883 951 935 1010 lrac
955 953 992 1011 de
1010 972 1101 1036 cattrsa⁸

31 1044 117 1128 qulare
142 1061 198 1101 non
222 1042 311 1120 possis
337 1059 466 1118 carmen,
491 1044 624 1121 temporis
641 1044 729 1116 istim
756 1062 861 1103 morem
886 1048 998 1123 egregie
1017 1048 1094 1126 quod

31 1134 109 1207 leserat,
128 1134 294 1215 argumentis
312 1152 412 1212 parurn
433 1136 540 1196 idoneis
558 1137 586 1195 in
605 1137 713 1195 seriora
732 1145 859 1215 tempora
879 1137 995 1199 differri.
1032 1142 1093 1203 Re·

31 1235 73 1304 uc,
86 1238 114 1289 ut
129 1229 164 1289 de
184 1229 261 1288 Galli
287 1227 372 1305 elegis
391 1240 573 1304 annotemus,
600 1247 674 1308 quae
701 1239 809 1289 veteres
834 1239 919 1290 testes
938 1244 1095 1296 memoratu

31 1317 151 1397 nnuma
173 1321 360 1383 tradiderunt.
406 1323 537 1394 Quatuoc
562 1323 638 1380 libris
665 1322 784 1383 distincti
810 1323 925 1384 luerunt
938 1334 980 1384 ‘et
998 1327 1038 1385 uti
1063 1329 1094 1387 in

31 1413 68 1472 nu
82 1415 196 1491 uidimus,
214 1417 328 1474 Graeco
348 1419 469 1476 amasiae
491 1417 603 1476 nomine
627 1418 767 1496 inscriptis
794 1420 930 1492 lacau,
955 1419 1036 1480 Serv.
1055 1420 1093 1481 ed

31 1503 81 1584 Vug.
98 1509 144 1569 ecl.
163 1514 261 1585 10,11.
300 1509 429 1569 Elocutio
448 1512 627 1589 graecissaus,
648 1528 721 1570 nora
740 1520 769 1571 et
788 1511 887 1570 docta:
906 1512 1095 1589 Euphorionis

31 1597 112 1659 Quor
127 1609 232 1661 saulus
250 1602 352 1662 dicitur
369 1604 485 1680 Serri03
504 1603 569 1662 lrinc
587 1602 685 1663 durior
703 1604 780 1663 audit
798 1624 815 1663 a
830 1605 1001 1676 Quintiliano
1020 1604 1093 1667 Inst.

31 1699 135 1771 oratio,
153 1702 181 1771 l,
201 1700 249 1756 93.
290 1695 415 1755 Ornatus
439 1708 532 1756 autem
556 1698 687 1756 mirificus
706 1697 818 1757 affuisse
846 1697 972 1758 rideturs
997 1700 1095 1777 elego-
1155 1705 1158 1716 '

31 1799 70 1843 nu
83 1789 198 1847 enimin
223 1807 303 1847 osum
331 1788 440 1847 fabulas
459 1791 485 1849 ei
503 1791 665 1871 conquisivit
689 1800 775 1870 atque
799 1791 914 1865 libello,
941 1792 989 1869 qui
1006 1800 1096 1868 extat,

31 1872 130 1939 iudicarit
152 1879 318 1945 Parthenius
341 1882 389 1940 ille
415 1884 542 1942 Graecus
566 1895 670 1964 poetas
696 1903 753 1965 qua
776 1901 808 1942 re
827 1883 894 1942 nilril
918 1886 1007 1962 magis
1033 1884 1096 1945 ido·

31 1983 85 2029 reru
100 1975 189 2034 estad
208 1977 283 2034 illius
302 1977 434 2053 temporis
454 1976 597 2034 artificium
616 1979 759 2055 poeticum
775 1977 1007 2056 pernoscendum.

78 2067 113 2124 lu
136 2069 231 2129 eodem
257 2069 410 2128 Parthenio
435 2070 546 2128 Graece
573 2070 702 2132 didicisse
727 2072 857 2149 Virgilius
886 2072 1007 2131 traditur
1031 2072 1095 2132 lliu-

31 2154 80 2215 lub.
99 2159 154 2221 Sat.
179 2163 209 2239 5,
237 2166 286 2222 17.
330 2163 455 2222 Vertisse
480 2163 618 2240 quaedam
644 2166 717 2223 illius
748 2183 811 2224 enm
837 2163 929 2240 idem,
954 2165 1096 2226 Moretum

31 2245 129 2321 nsatn
142 2256 240 2317 codicis
259 2257 432 2315 Ambrosiani
451 2254 517 2315 dicit
536 2267 608 2319 ceste
626 2260 726 2319 lsaaco
735 2259 845 2329 Vossio,
864 2268 996 2342 narrante
1015 2270 1104 2338 patre.

31 2337 67 2398 du
79 2343 109 2404 de
124 2352 208 2427 poetis
227 2352 355 2410 Graecis.
393 2347 470 2409 lllud
498 2350 619 2414 breviter
641 2369 802 2433 proponere
829 2352 933 2427 licebit,
951 2354 1104 2430 Virgilium.

32 2429 120 2498 menen
137 2444 171 2500 ab
189 2441 351 2525 aequalium
368 2443 421 2502 sibi
440 2454 587 2522 poetarum
606 2446 716 2515 ratione
734 2442 916 2522 pependisses
935 2444 1001 2503 inde
1019 2446 1095 2503 illam

32 2520 133 2591 rltocrs'ti
149 2536 330 2599 imitationem
347 2554 410 2598 esse
428 2537 635 2616 explicandam,
654 2537 805 2597 cisonium
823 2551 891 2593 saue
908 2545 938 2595 et
954 2537 1093 2612 amiam,

32 2621 88 2680 uait
101 2624 249 2707 Wagnerns
270 2653 296 2693 r.
316 2631 345 2692 d.
366 2631 401 2691 da
418 2648 505 2690 cono.
525 2629 615 2691 brool.
643 2620 723 2709 Virg.
742 2631 835 2707 lleyn.
855 2632 1019 2706 1‚p.17.,
1047 2628 1096 2706 qui

32 2706 97 2776 iidem
118 2719 175 2782 iere
199 2735 285 2804 negat
312 2745 330 2785 e
357 2725 492 2803 temporis
516 2725 560 2783 sui
587 2723 788 2783 consuetudine
819 2722 895 2781 illam
920 2720 1097 2782 iudicandam
1225 2746 1229 2757 ¹

32 2815 78 2865 ³³2:
100 2812 158 2876 inde
182 2819 258 2878 illam
277 2819 468 2898 Euphorionis
493 2818 707 2897 probationem,
736 2815 774 2876 de
800 2834 857 2896 qua
882 2816 1000 2886 Quintil.
1025 2818 1094 2881 Inst·

32 2906 56 2952 a.
69 2905 106 2980 1⁰,
124 2914 149 2982 l,
168 2912 224 2972 nur
245 2912 312 2972 inde
329 2914 358 2970 in
378 2912 523 2990 Georgcis
542 2927 655 2989 quoque
673 2907 808 2969 Nicandri
829 2919 858 2969 et
875 2910 1018 2971 Parthenii
1036 2921 1097 2970 stu·

32 2982 88 3069 filu,
105 3008 169 3063 teste
186 3004 346 3065 Macrobioe
373 3003 439 3063 inde
465 3007 494 3064 in
520 3006 583 3084 ipsa
610 3003 734 3063 Aeneide
759 3003 899 3082 Apollonii
923 3012 952 3062 et
969 3003 1032 3061 ialsi
1049 3004 1098 3061 Pi·

33 3084 94 3146 culfi
110 3095 319 3158 aemulationem
339 3114 401 3157 esse
419 3096 609 3157 derivandam.
647 3097 778 3175 Longum
802 3097 877 3156 soret
906 3095 1099 3154 demonstrare

33 3170 135 3254 lugdun
152 3191 186 3247 ab
205 3191 363 3269 aequalium
382 3191 480 3249 castris
500 3208 642 3269 egressum
662 3198 692 3248 et
709 3190 857 3247 Horatium
881 3206 1024 3266 nunquam
1044 3188 1099 3280 illis

33 3269 71 3328 ¹5¹
85 3286 351 3365 aequuupoeueam
370 3284 564 3344 Romanorum
583 3294 674 3343 artem
693 3283 722 3340 in
741 3281 896 3341 libertatem
929 3282 1098 3363 emeruissea

33 3366 99 3432 uitus
114 3388 335 3456 argumentorum
361 3375 552 3454 sublimitate,
577 3377 681 3457 partim
707 3376 880 3435 Graecorum
908 3376 991 3435 etiam
1016 3384 1099 3436 retu·

33 3460 105 3537 torum
127 3473 260 3546 penitiora
285 3473 443 3549 intellectu,
476 3471 579 3552 partim
611 3479 736 3529 veterum
763 3469 955 3529 Romanorum
990 3469 1103 3530 diversa
1166 3536 1168 3549 Ι

33 3542 122 3635 isidam,
138 3563 280 3626 iustissima
299 3576 393 3624 tamen
412 3566 614 3639 animatione,
633 3583 717 3643 qnam
736 3563 822 3644 paulo
840 3562 893 3622 illis
911 3563 1024 3643 priores
1038 3563 1104 3626 nul·.

35 3630 193 3716 ilntidentur
218 3656 377 3719 instituisse.
415 3658 531 3736 Virgilio
550 3668 580 3719 ct
597 3658 733 3732 Horatio,
759 3654 849 3719 Vario
874 3674 998 3734 quoque,
1023 3656 1098 3715 aliis·

34 3739 121 3827 11111ῑὶ1
136 3753 262 3826 proximis
285 3751 437 3814 tenendum
463 3761 507 3812 est
533 3771 692 3812 sermonem
718 3749 859 3829 poeticum
884 3749 925 3806 ita
941 3748 1028 3808 fuisse
1046 3765 1097 3806 ex·

34 3821 118 3912 111111,
133 3850 163 3901 ut
178 3857 243 3923 post
269 3867 367 3909 eorum
393 3854 513 3905 aetatem
537 3854 688 3924 poetarum
711 3842 780 3902 illud
800 3850 830 3900 et
847 3843 1116 3917 grammaticorum„'

34 3923 87 4021 quod
102 3942 178 3995 antea
194 3939 257 4017 fuit,
274 3940 486 4000 contubernium
504 3948 535 3998 et
552 3958 616 4016 res,
642 3956 713 4017 quas
741 3936 781 3995 illi
807 3934 990 3995 contubernio
1013 3933 1103 4012 putis-

34 4023 103 4079 tuom
119 4029 272 4096 tribuendas
290 4034 377 4094 luisse
396 4032 569 4109 dicebamus,
588 4033 695 4112 pariter
713 4037 864 4090 cessarent.
895 4029 1103 4102 Poetasgram·

34 4107 415 4203 sinuspassosque
440 4127 489 4199 tua
513 4126 574 4188 aare
596 4125 682 4186 caea
707 4115 823 4198 iaciant,
850 4137 924 4203 quae
942 4118 979 4193 u
997 4114 1132 4195 viratu

774 4240 856 4315 24.
