2650 4700
190 85 192 88 ’
225 119 281 195 70
504 189 511 202 .
593 111 628 173 r.
649 111 769 202 ormu
788 111 958 176 nnsoms

275 296 504 404 scribentem
529 295 666 376 modiis
684 298 803 378 Adria
827 296 918 379 oldit
942 301 1065 402 aquisr

191 402 305 483 adut
328 410 516 504 postquam
541 402 709 480 bimarem
734 429 845 482 cursu
868 407 1118 507 superavimus
1140 401 1290 484 Isthmon

275 506 476 606 Alteraque
501 514 559 583 est
581 514 729 582 nostrae
754 513 894 605 sumpta
918 510 1044 583 carina
1070 509 1191 607 fugae,

185 693 188 702 .
224 607 331 704 Quod
355 608 512 685 facerem
529 632 669 685 'versus
693 609 787 684 iuter
811 608 890 688 fera
914 634 1089 686 murmura
1110 611 1221 712 ponti,

163 784 167 792 .
275 709 464 812 Cycladas
488 710 666 809 Aegaeas
690 709 919 812 obstupuisse
944 709 1104 813 puto*v
1232 701 1237 718 ’

223 814 309 915 Ipse
336 836 407 911 ego
434 837 530 889 nuuc
553 816 661 888 miror
687 816 796 888 tantis
821 815 997 912 animique
1023 812 1202 911 marisque
1302 833 1303 892 l

174 942 212 1003 ιο
255 914 465 993 Fluctibus
489 917 671 1013 ingenium
696 941 771 993 uon
794 916 974 993 cecidisse
998 939 1124 993 meum.

223 1016 304 1098 Seu
329 1025 455 1119 stupor
478 1016 561 1094 huic
583 1017 719 1112 studio,
743 1020 825 1094 sive
848 1026 907 1094 est
934 1020 1086 1094 insania.
1102 1035 1254 1108 nomem

274 1118 397 1195 Omnis
422 1120 471 1195 ab·
493 1119 564 1196 bac
590 1145 679 1196 cura
704 1144 804 1198 meus
831 1120 997 1197 relevata
1020 1144 1101 1197 mea
1125 1124 1208 1194 est·

222 1220 348 1322 Saepe
373 1243 446 1321 ego
470 1222 641 1298 nimbosis
667 1222 796 1299 dubius
820 1224 983 1299 iactabar
1007 1224 1053 1300 ab
1078 1218 1227 1296 haedis:

169 1340 176 1345 ’
272 1326 395 1423 Saepe
420 1327 542 1399 minax
566 1326 743 1425 Steropes
767 1324 887 1401 sidere
908 1331 1042 1426 pontus
1067 1330 1167 1416 erat3

174 1442 210 1514 to
225 1425 481 1526 roscaoaque
501 1427 593 1502 diem
617 1436 743 1504 custos
766 1427 1047 1528 Erymanthidos
1072 1435 1201 1513 urs'ae3

268 1529 353 1606 'Aut
376 1527 516 1629 hyadas
541 1532 635 1607 seris
659 1529 833 1606 hauserat
854 1539 979 1607 auster
1004 1530 1122 1629 aquis:
1302 1533 1303 1618 l

146 1652 154 1675 *
224 1630 349 1733 Saepe
372 1634 480 1735 maris
504 1657 590 1734 pars
615 1635 711 1718 intus
736 1640 833 1725 erat3
857 1640 975 1708 tamen
997 1633 1077 1733 ipse
1099 1627 1262 1707 trementi
1302 1629 1303 1696 l

199 1771 208 1780 ·
276 1733 446 1813 Carmina
470 1733 644 1811 ducebam
671 1734 932 1838 qualiacunque
957 1759 1073 1810 mauu.

222 1835 336 1917 Nunc
357 1861 499 1939 quoque
523 1841 686 1915 contenti
709 1837 863 1914 stridunt
887 1838 1055 1938 aquilone
1079 1827 1262 1926 rudentes,

611 1991 659 2050 16.
698 1988 784 2068 saeris
802 1998 929 2048 auxerat.

234 2135 237 2140 ·
295 2115 362 2172 Aoi.
375 2112 447 2171 bono
464 2131 507 2171 me
522 2112 638 2188 polidus,
657 2120 799 2172 tremerem
817 2132 878 2172 mom
897 2131 989 2171 menae
1010 2109 1159 2183 Decembri,
1180 2117 1236 2167 etc.
1289 2180 1294 2196 .

220 2188 347 2268 proxime
364 2190 496 2246 librorum
515 2192 726 2263 auctoritatem
753 2208 816 2246 nam
841 2208 876 2247 us
894 2200 957 2248 eto
976 2193 1077 2266 exiguo
1106 2186 1261 2245 discrimine
1279 2207 1289 2229 ι.

222 2276 314 2339 stant3
340 2265 425 2343 idque
450 2265 636 2343 recipiendum
665 2267 778 2340 fuisset,
805 2263 828 2322 si
848 2266 958 2343 vulgata
985 2266 1103 2343 graviori
1130 2264 1217 2336 urio,
1240 2278 1298 2336 quon

221 2339 395 2420 simplicitate
413 2343 495 2401 nimia
513 2353 664 2401 teneretur.
704 2342 785 2400 Vers.
806 2343 834 2400 5.
874 2342 1033 2401 oosaneid.
1054 2353 1183 2419 uterque,
1205 2357 1238 2396 oe
1273 2361 1277 2384 ι

221 2438 324 2478 manno
342 2419 379 2477 de
398 2421 489 2477 multis
507 2420 581 2477 libris
601 2420 714 2477 credas.
746 2420 918 2497 speravimus
935 2419 1059 2479 Isthmos
1078 2419 1167 2478 Palat.
1188 2417 1264 2494 prim·

298 2499 327 2555 9.
366 2514 438 2555 rrsu
459 2514 520 2553 rao
542 2514 638 2554 nunc.
677 2501 743 2589 {pse
759 2499 842 2554 etiam
859 2500 946 2554 miror
964 2498 1051 2555 Palat.
1073 2498 1153 2574 prim.
1175 2494 1254 2570 prim.
1276 2512 1290 2535 'r

220 2580 252 2631 et
275 2572 341 2631 duo.
386 2577 452 2650 Ipso
476 2592 539 2649 erpo
565 2573 633 2631 boec
658 2572 745 2651 moror
769 2570 866 2631 Berm‘
901 2576 1018 2650 Ipseque
1039 2589 1113 2629 nuno
1137 2567 1264 2630 Crer.B

219 2653 287 2727 Ipse
304 2650 402 2707 merim
420 2649 496 2707 Gall.
516 2650 634 2725 Seguer.
674 2652 697 2707 S
749 2668 827 2726 cepo
846 2666 919 2706 nono
935 2650 1000 2705 Rei.
1021 2667 1038 2706 a
1060 2667 1116 2705 sec.
1136 2667 1173 2705 m.

299 2716 1302 2802 mmmmmmmmmd

221 2802 277 2860 itta.
290 2800 406 2876 Moret,
426 2819 461 2858 ex
480 2820 536 2878 quo
557 2802 684 2859 Heinsius
701 2802 730 2859 io
749 2811 855 2860 textum
875 2800 1035 2874 admiserat,
1055 2800 1232 2878 improbante
1248 2795 1278 2854 B·

174 2940 176 2943 ,
220 2895 324 2934 manno
350 2887 380 2937 et
404 2878 532 2936 Francis.
576 2877 669 2936 studio
693 2886 735 2937 ost
759 2879 900 2969 inscriptio
928 2878 1098 2936 Gruteriaoa
1122 2877 1296 2934 aBurmao

220 2953 344 3013 laudata.
389 2953 471 3012 Vers.
498 2960 544 3011 13.
589 2953 729 3013 oreadoric
760 2954 900 3015 Palatruus
928 2954 1009 3031 prim.
1039 2962 1069 3012 et
1095 2963 1152 3011 tres
1187 2950 1233 3009 alii
1275 2973 1291 2998 r

217 3030 301 3109 prim.
321 3030 388 3091 edit.
427 3030 463 3089 ab
481 3031 564 3088 andis
582 3030 662 3088 Serv.
683 3040 712 3088 et
732 3032 865 3163 quinque,
886 3031 975 3089 Crer.
1011 3034 1086 3088 euris
1102 3030 1200 3089 Berol.
1256 3049 1292 3072 «2

220 3109 269 3164 rt.
306 3110 430 3185 Steropis
451 3106 516 3167 Put.
536 3108 611 3164 Gall.
632 3107 712 3166 Serv.
751 3126 798 3165 ou.
817 3106 898 3164 Leid.
917 3108 999 3185 prim.
1019 3108 1099 3185 prim.
1126 3105 1173 3164 ed.
1200 3104 1295 3178 Segne

219 3182 325 3242 Guelf.
341 3185 406 3242 Rel.
433 3193 462 3242 et
488 3193 555 3243 vett.
581 3182 646 3242 edd.
677 3186 824 3261 Meropes
854 3184 925 3241 liber
956 3183 1066 3241 Bersm.
1108 3184 1242 3258 Meropis
1260 3176 1298 3232 dt

218 3258 317 3317 Heius.
335 3269 365 3319 et
383 3262 466 3320 Creu.
508 3263 631 3335 (ieropis
654 3259 749 3319 berol.
788 3260 869 3318 Vers.
892 3259 952 3318 15.
983 3257 1146 3318 Atlmttidos
1168 3275 1231 3316 trra
1253 3250 1287 3313 m

217 3333 284 3395 Juu.
302 3346 333 3394 et
350 3336 418 3411 duo,
440 3356 476 3395 ue
494 3356 557 3395 cum
577 3338 737 3393 burmanno
754 3335 867 3394 fallaris.
908 3335 1091 3395 orbouatidos
1109 3333 1208 3393 Guelf.

282 3415 344 3470 ⁴16.
392 3432 494 3472 arum.
542 3410 816 3471 considerasse.
861 3416 952 3470 coenis
975 3413 1054 3470 Busl.
1082 3409 1164 3472 Polit.
1192 3417 1294 3485 {stema

218 3483 299 3545 Leid.
325 3491 407 3566 prim.
433 3490 566 3547 tredecim
591 3489 687 3545 Heius.
715 3499 811 3547 noster
841 3489 923 3546 Crev.
950 3497 979 3546 et
1003 3497 1071 3549 vett.
1097 3487 1162 3546 odd.
1230 3509 1261 3532 m

89 3562 95 3581 ⁸
217 3564 281 3623 rut.
306 3574 441 3625 uramur
459 3567 535 3625 Gall.
554 3565 634 3624 Leid.
662 3564 744 3654 prim.
764 3563 874 3624 Pircidr.
900 3565 1032 3622 Francos.
1045 3583 1110 3655 ‚pro
1129 3584 1156 3622 r.
1175 3582 1233 3622 scr.
1257 3587 1290 3610 :r

217 3639 335 3715 Heinsii‚
356 3642 401 3700 ed.
426 3643 555 3716 Bouon.;
575 3659 592 3699 e
610 3640 706 3699 codice
730 3642 769 3699 ita
796 3643 908 3699 citatum
926 3660 944 3699 a
964 3641 1080 3701 Bebotro
1106 3640 1222 3719 Apoph.
1241 3638 1297 3713 l,l

217 3714 264 3773 De
282 3717 511 3796 interpretatione
539 3737 637 3775 vocum
662 3719 734 3775 seris
748 3727 781 3785 et
804 3717 953 3792 bassani,
978 3736 1048 3795 quas
1072 3717 1259 3793 flagitantibus
1282 3736 1299 3762 r

216 3791 294 3850 libris
312 3796 477 3872 recepimus,
497 3793 552 3853 rid.
572 3804 646 3853 auct.
667 3793 758 3852 Elect.
776 3794 862 3853 Etou.
886 3794 1031 3852 etHeiusii
1048 3803 1119 3850 nott.
1158 3793 1241 3851 Vero.
1264 3813 1294 3838 τ’·

215 3885 286 4004 pppp
303 3873 381 3930 nima
398 3878 460 3930 erut
478 3871 567 3931 Palat.
586 3872 667 3948 prim.
708 3870 790 3928 Vers.
815 3875 862 3930 18.
902 3870 1041 3929 dictobom
1060 3872 1179 3931 Poteao.
1226 3897 1230 3917 o
1285 3892 1288 3910 2

298 3948 460 4006 coniiciebat
479 3948 615 4006 Heinsius.
653 3945 835 4024 ‹molmaoqoo
853 3945 943 4007 Palat.
962 3948 1044 4025 prim.

292 4025 340 4082 19.
380 4043 545 4083 srarounr
571 4043 606 4081 ex
632 4024 721 4083 Patet.
753 4027 835 4100 prim.
860 4035 890 4081 et
911 4042 974 4091 vsce.
997 4025 1079 4102 prim.
1111 4020 1208 4082 Vario·
1230 4031 1256 4099 'p
1270 4017 1294 4065 ⁸..

215 4093 298 4159 Polio
317 4099 399 4160 Serr-
418 4099 550 4160 Francos.
577 4100 675 4160 decem
701 4099 761 4159 aliis
779 4110 809 4160 et
831 4101 914 4179 prim.
938 4100 985 4161 ed.
1011 4109 1107 4159 nostru
1134 4099 1220 4158 Creu.
1267 4101 1296 4146 ²2
