2650 4700
221 170 282 246 -ω
520 195 524 206 .
590 154 626 214 r.
645 148 786 215 orrum
802 145 976 213 mannis
1004 157 1027 177 υ

231 353 301 432 ner
314 345 447 426 'comite
471 338 642 440 Ar'golici
663 341 854 441 postquam
878 333 1054 433 coguovit
1072 330 1238 433 Orestae,
1298 355 1300 442 ξ

177 469 178 474 ’
281 454 465 531 Narratur
489 445 662 545 Pyladen
687 446 768 544 ipse
792 439 968 542 probasse
994 437 1132 514 Thoas.

229 558 338 651 Quae
361 552 429 626 fuit
451 547 653 625 Actoridae
676 568 757 622 cnm
781 562 913 640 magno
938 562 1081 639 semper
1104 536 1257 633 Achille,

183 668 221 725 ³0
274 652 449 735 'Laudari
471 651 580 725 solita
605 655 666 724 est
687 646 858 722 Hectoris
883 664 949 719 ore
972 642 1077 717 fides.

236 760 344 854 Quod
367 758 450 857 pius
470 752 519 829 ad
543 772 669 826 manes
694 749 868 824 Theseus
892 768 1016 822 comes
1039 746 1132 820 isset
1156 741 1272 835 amico,

288 862 503 936 Tartareum
528 855 653 930 dicunt
676 851 877 926 indoluisse
904 846 1019 923 deum.

236 964 316 1041 Eur
344 961 393 1038 ali
417 959 573 1055 Nisique
598 954 671 1030 fide
692 955 767 1048 obi,
791 953 929 1043 Turne,
953 950 1071 1027 relata

135 1154 136 1157 a
324 1060 474 1146 redibile
499 1066 558 1136 est
581 1056 738 1136 lacrimis
763 1053 990 1131 immaduisse
1016 1075 1143 1151 genas·
1222 1113 1225 1118 a
1254 1131 1257 1138 ¹

187 1174 226 1232 35
240 1166 378 1242 *list
400 1161 507 1242 etiam
531 1164 673 1238 miseris
696 1162 825 1261 pietas,
848 1163 887 1232 et
907 1158 945 1230 in
969 1154 1075 1231 hoste
1098 1150 1269 1254 probatur.

287 1270 361 1349 Ilei
383 1267 477 1365 milri,
502 1281 606 1368 quam
626 1286 767 1368 paucos
790 1260 885 1337 haec
908 1282 989 1335 mea
1013 1256 1110 1346 dicta
1132 1251 1279 1332 movent!

695 1452 899 1473 ᾔ

192 1661 194 1665 y
239 1584 331 1646 Bern.
353 1585 382 1645 ai
405 1584 469 1661 quis
493 1581 600 1642 omcoii
626 1579 710 1640 Crer.
737 1580 764 1638 si
788 1578 855 1657 quid
878 1576 1024 1637 aduocauit
1046 1575 1139 1635 Palat.
1162 1573 1239 1653 prim.
1261 1587 1300 1631 orat

239 1673 300 1797 ples
325 1662 389 1754 libri
411 1660 555 1719 Heinsiani
577 1667 611 1716 ot
635 1656 703 1718 edd.
728 1663 799 1715 vett.
830 1664 942 1714 nmtrae
972 1672 1079 1714 omues.
1125 1653 1257 1711 Probabat
1274 1648 1300 1705 ho

269 1757 379 1798 ernsrus.

237 1841 243 1848 ·
271 1889 273 1894 ι
320 1818 369 1874 27.
410 1816 566 1873 aaronica
589 1836 633 1854 ·-
655 1821 814 1868 cursa-an.
855 1805 1014 1866 Palatinus*
1028 1806 1136 1885 primus
1160 1814 1190 1865 et
1216 1795 1300 1864 nond

240 1890 327 1951 codd.
346 1908 448 1967 magno
472 1906 604 1947 nurnero:
634 1888 740 1946 oreae.
783 1886 908 1944 marem
926 1903 962 1943 ex
980 1885 1134 1942 Heinsiauis
1160 1881 1268 1940 solusG

236 1983 303 2037 sus,
329 1968 448 2045 Seguer.
473 1984 528 2044 pro
546 1984 572 2022 r.
593 1981 647 2021 scr.
675 1963 739 2021 Rel.
766 1961 832 2020 edd.
858 1971 926 2020 vett.
953 1980 1059 2018 omnes.
1108 1962 1220 2020 Orestes
1240 1957 1273 2014 Be

145 2105 148 2109 Δ
247 2046 360 2103 erata
388 2045 511 2132 quinque
536 2042 633 2097 Heius.
658 2039 777 2115 Seguer.
817 2037 925 2096 Omnes
942 2038 1004 2095 libri
1023 2045 1212 2110 veterestam
1233 2032 1274 2091 sci

243 2120 487 2254 gaamjmffitln
514 2116 669 2249 ssrf‘llm'·
687 2115 763 2248 qnqld
784 2126 938 2248 ctorqqcttbm
960 2114 1085 2247 lqebetur
1102 2114 1222 2173 Heinsio,
1252 2107 1272 2168 ll

284 2229 293 2256 .-
359 2213 377 2251 tt
467 2211 500 2250 ne
540 2212 605 2248 aa.
646 2211 708 2248 nm.
756 2209 878 2249 uecta
926 2208 993 2248 ne.

321 2276 370 2328 31.
408 2287 497 2328 issar
518 2288 552 2326 ex
569 2210 661 2325 Palalt.
681 2269 764 2344 prim.
782 2266 863 2324 Leid.
883 2277 1012 2344 utroque,
1036 2266 1100 2325 Rel.
1127 2275 1228 2344 septem
1249 2259 1300 2319 Hcld

246 2346 329 2406 sienis
347 2357 377 2405 et
394 2345 516 2405 eiusdem
536 2345 617 2422 prim.
638 2342 684 2402 ed.
717 2346 770 2402 irat
788 2344 887 2421 reliqui
905 2345 967 2403 libri
986 2354 1015 2401 et
1034 2353 1101 2402 vett.
1121 2345 1186 2402 edd.
1215 2343 1256 2401 ioli
1269 2336 1299 2395 Pa

246 2426 297 2483 lat.
321 2442 390 2499 sec,
416 2422 490 2480 unde
513 2422 641 2478 Heinsius
669 2419 806 2477 faciebat:
839 2425 902 2491 ioti3
933 2423 1075 2488 comitavit
1098 2440 1170 2479 unus
1194 2416 1299 2478 Helicen

247 2502 393 2560 Barbaria.
413 2509 442 2558 et
459 2498 582 2555 Berolin.
603 2498 731 2574 Heinsius
749 2497 815 2555 inde
833 2498 975 2556 eliciebat:
995 2500 1144 2557 concitauit.
1180 2495 1213 2554 In
1230 2492 1299 2567 rulgoi

247 2578 424 2656 improbabat
439 2576 579 2632 sibilorum
598 2574 793 2652 frequentiam.
850 2569 860 2576 ”
1298 2614 1299 2623 ,

325 2658 374 2713 32.
414 2669 621 2711 tuuouurssn.
668 2668 724 2707 uon
750 2650 869 2709 doluisse
896 2648 1026 2708 Politiani
1057 2659 1191 2727 uterque,
1220 2634 1299 2717 null

176 2798 177 2801 Ἴ
249 2729 355 2790 Heinsii
381 2739 410 2787 et
436 2737 532 2785 noster
556 2726 738 2784 Relandinns.
783 2727 911 2784 Heinsius
941 2726 1093 2785 suadebam
1125 2747 1192 2784 anua
1214 2720 1299 2801 dolabit

248 2806 398 2863 Francius:
424 2803 504 2862 absin
543 2806 606 2860 isse.
645 2802 792 2859 Withofius
818 2805 846 2859 in
865 2813 960 2861 annot.
980 2822 1022 2861 or.
1042 2802 1103 2861 sun.
1128 2804 1299 2861 summeium

250 2882 339 2941 1752.
358 2901 388 2958 p.
413 2885 469 2939 48:
515 2883 592 2936 leuitt
610 2877 684 2936 buno
708 2878 839 2949 soluisse3
863 2899 920 2937 nou
939 2880 1031 2953 male,
1059 2880 1205 2938 Schraderi
1226 2850 1299 2932 iuddtl

249 2966 281 3016 at
299 2968 405 3033 nostro,
424 2975 480 3014 non
501 2955 581 3013 bene.
620 2953 792 3012 Offendebat
817 2956 889 3012 enim
908 2956 937 3012 in
964 2957 1050 3014 verbo
1076 2955 1236 3026 bodoluisoo,
1258 2964 1283 3023 qi

249 3034 360 3110 codena
380 3053 436 3111 quo
455 3033 500 3091 nic
518 3032 672 3107 significatu
690 3031 775 3088 babes
794 3036 825 3105 2,
843 3033 911 3095 370.
931 3033 962 3107 5,
981 3033 1012 3107 4,
1032 3036 1080 3090 38.
1120 3034 1198 3090 Vera.
1216 3031 1254 3086 33.

248 3112 474 3186 autumnoue
491 3108 588 3165 Guelf.
607 3127 625 3166 a
643 3126 700 3165 sec.
719 3127 757 3165 ιιι.
1298 3116 1299 3151 1

327 3191 377 3247 33.
416 3205 474 3245 nar
495 3201 602 3242 arram
622 3198 693 3242 arc.
717 3183 820 3241 Parum
844 3182 974 3260 praesidii
999 3183 1062 3241 loco
1086 3183 1151 3242 huic
1175 3174 1290 3239 conciam

251 3281 271 3320 a
289 3264 396 3342 scriptia
414 3263 490 3320 libris
509 3270 561 3319 est.
600 3263 692 3337 pictos
715 3261 824 3318 mismis
850 3269 967 3338 uterque
993 3259 1138 3335 Politiaui‚
1164 3259 1216 3316 duo
1239 3248 1297 3335 Ηεί

251 3348 283 3397 et
301 3340 418 3415 Seguer.
438 3340 522 3396 client
538 3339 569 3394 bt
593 3339 704 3393 nimmia
722 3335 813 3393 Palat.
835 3354 893 3394 sec.
918 3344 986 3394 vett.
1007 3336 1071 3395 edd.
1092 3347 1166 3394 octo.
1191 3335 1261 3391 etium

252 3418 376 3492 serisqttc
402 3413 472 3487 fidas
499 3411 659 3470 Richelian.
683 3410 795 3469 Pirckh.
821 3412 867 3470 ed.
892 3410 1061 3479 Bonamicus.
1098 3411 1208 3489 Reliqui
1237 3411 1298 3461 onus

253 3494 339 3550 etium
355 3492 464 3550 mismis
480 3492 580 3568 pictus.
619 3488 700 3546 vinc.
719 3488 827 3546 Bellor.
852 3488 905 3565 Sp.
924 3488 952 3547 h.
972 3493 1003 3562 7,
1023 3491 1079 3546 119
1098 3489 1167 3547 haec
1191 3484 1263 3543 rerba

211 3600 221 3617 ι
253 3567 320 3626 bet:
339 3571 430 3645 pimus
447 3573 474 3625 ct
491 3570 522 3625 ia
540 3563 618 3622 bosio
634 3562 776 3641 probabit.
816 3565 943 3622 Heinsius
962 3566 1092 3623 coniecit:
1130 3570 1193 3624 Isto
1213 3560 1279 3616 etun

251 3647 364 3704 miseris
380 3646 471 3721 pictus
487 3641 530 3701 ool
548 3640 584 3701 ab
609 3639 687 3699 boatc
713 3639 864 3716 probatam,
890 3641 952 3698 rel:
978 3645 1042 3700 Istc
1066 3644 1149 3700 caum
1172 3640 1260 3696 uticem

253 3722 293 3778 At
310 3724 399 3797 pictus
417 3722 448 3777 iu
465 3720 575 3777 missis
589 3735 646 3774 non
666 3718 752 3791 magis
766 3715 944 3792 Ouidianum,
964 3721 988 3774 si
1006 3719 1090 3775 modo
1115 3711 1235 3783 latinum,
1254 3721 1280 3781 (11l

254 3797 359 3856 candor
375 3800 406 3855 ia
430 3798 545 3868 amicis,
572 3793 648 3871 quod
674 3792 846 3851 Sclnaderns
871 3792 990 3852 Emeud.
1010 3813 1040 3871 p.
1059 3797 1127 3851 208.
1152 3785 1271 3868 reprobes

250 3877 343 3952 pictos
358 3876 459 3932 misero
477 3872 564 3929 multo
583 3870 666 3930 etiam
685 3870 792 3943 minus3
819 3887 913 3947 neque
940 3869 1108 3928 audiendum
1127 3878 1194 3946 puto
1210 3862 1247 3921 Bo

251 3965 331 4025 num,
349 3952 379 4009 in
397 3968 433 4009 ex
449 3947 506 4006 fios
524 3964 606 4004 versu
621 3946 678 4003 huc
695 3945 892 4004 retrahentem.
931 3946 1060 4017 Accedit,
1086 3945 1161 4025 quod
1177 3957 1229 4000 non
1243 3950 1273 4013 pi

249 4035 359 4086 tantum
377 4024 474 4085 litteris
491 4041 510 4083 a
527 4022 660 4080 librorum
677 4021 735 4080 fide
757 4022 914 4082 emendatio
934 4024 1085 4081 Heinsiana
1108 4019 1217 4082 recedit.
1253 4006 1277 4067 tt

248 4114 296 4162 tur
318 4104 400 4192 nobis
422 4098 561 4162 sonbendi
585 4097 780 4178 compendium
806 4117 955 4179 perperam
977 4100 1145 4160 intellectum
1168 4107 1245 4155 causa
