2650 4700
484 213 535 280 u>
553 211 651 276 nn.
908 197 917 219 ⁸
1025 221 1100 302 aar

32 397 88 465 illras
110 406 227 484 scripsit,
253 404 437 482 Argonautica
462 402 603 484 Apollonii
625 400 727 461 Latina
750 396 828 462 iecit·
865 402 1103 486 chorographiam

35 500 53 557 si
67 502 173 577 srn'psit,
199 517 265 556 num
283 496 495 556 Eratosthenem
522 497 643 556 fortasse
668 507 780 555 secutus
803 495 904 572 inerit,
930 500 974 558 rel
991 501 1015 558 si
1034 500 1105 562 Cos·

32 591 201 668 ¹nographiam
227 593 338 668 potins,
364 589 550 648 Alexandrum
577 589 730 669 Ephesium
754 590 849 664 illurn,
875 590 913 649 de
930 610 987 669 quo
1004 593 1106 653 Cicero

32 684 127 741 aihu.
146 702 190 762 ep.
209 689 278 758 22„
303 682 378 740 haud
403 682 485 740 facile
511 683 622 741 dixeris.
668 681 742 741 Nam
761 681 799 741 de
817 684 971 762 posteriore
993 687 1106 752 nomine

32 779 142 855 iunoniam
165 777 273 835 codices
298 775 430 833 Prisciani
462 775 546 834 fidem
572 774 666 833 iacere
690 773 836 852 videntur,
863 777 968 836 nollem
991 777 1106 857 obloqui

32 887 56 926 r.
70 870 93 927 d.
110 871 284 945 Woellnero,
313 870 391 926 cuius
416 869 528 947 egregia
554 868 591 927 de
609 867 665 925 hoc
689 877 775 946 poeta
797 870 917 930 habetur
939 869 1107 929 dimertatio.

32 961 154 1037 Quamvis,
171 961 274 1036 fateor,
293 963 372 1019 nimis
395 963 483 1021 multa
509 980 544 1021 eo
572 963 600 1020 iu
630 979 718 1040 opere
735 963 858 1041 attigisse
882 963 983 1024 dicitur
999 953 1105 1027 Varro.

32 1051 102 1114 ‘llelut
116 1075 205 1115 uersus
223 1057 270 1113 ille
290 1053 382 1113 Ouidii
400 1056 463 1114 Am.
484 1061 511 1128 1,
532 1055 582 1132 15,
600 1061 655 1114 212
775 1097 783 1117 r

160 1154 313 1209 Varrortens
331 1152 501 1227 primamque
519 1158 608 1210 rotem
627 1151 819 1231 mereamini
836 1156 926 1221 oetas,

42 1239 100 1299 ralde
115 1244 205 1319 miror,
225 1241 367 1320 quomodo
386 1261 403 1300 a
420 1245 481 1302 viro
500 1244 676 1322 sagacissimo
696 1244 732 1302 ad
751 1244 990 1322 chorographiam
1008 1242 1108 1306 referri

40 1341 60 1387 et
73 1351 101 1389 er
122 1354 154 1393 eo
179 1336 232 1395 hoc
256 1336 318 1395 clici
346 1338 479 1414 potuerit,
506 1356 537 1417 p.
565 1342 620 1398 alr
669 1340 822 1398 Varronem
841 1341 883 1396 «in
906 1337 958 1397 hoo
988 1343 1109 1399 camnine

41 1427 102 1483 nura
117 1428 147 1486 de
163 1433 253 1507 primo
272 1449 343 1489 naue
361 1438 387 1489 et
405 1430 439 1489 de
457 1431 568 1491 inuento
585 1435 762 1510 aromaticus
780 1430 899 1491 loorttum
917 1450 986 1491 erre.
1024 1433 1109 1492 aaa·

41 1527 73 1574 ret
86 1523 165 1596 priano
182 1527 255 1582 rutis
272 1524 421 1601 ipsahrgo
439 1534 492 1597 ast,
511 1523 664 1585 rid.0rid.
682 1523 870 1603 Metamorph.
882 1528 912 1603 6,
930 1528 999 1583 721.
1018 1526 1109 1585 Trist.

42 1611 63 1681 i,
71 1613 95 1685 9,
104 1617 129 1670 8.
141 1625 168 1674 et
185 1636 255 1694 quos
273 1613 354 1674 noni
371 1617 414 1675 ltti
431 1635 544 1696 quoque
560 1637 655 1677 versus
666 1617 759 1676 Ovidii
770 1617 854 1676 Pont.
873 1619 905 1694 4,
923 1622 970 1690 16,
990 1624 1040 1693 21,
1058 1624 1110 1681 ²2.

42 1715 159 1779 perperam
184 1708 310 1768 eumad
336 1711 513 1786 Varronem,
546 1718 606 1768 tum
630 1709 667 1768 ad
686 1710 926 1790 chorographiam
952 1712 1111 1776 trahuntur.
1187 1717 1226 1795 ⁵.
1292 1675 1293 1708 i

42 1791 116 1873 anue
132 1805 219 1860 omnia
237 1802 302 1861 ideo
321 1814 527 1882 proponuntur,
554 1804 618 1882 quia
635 1803 749 1862 Servios
769 1804 806 1862 ad
825 1803 933 1881 Virgilii
953 1806 1059 1886 Georg.
1080 1813 1112 1884 1,

43 1888 90 1946 tii.
105 1905 204 1971 septem
221 1914 318 1955 versus
342 1897 476 1955 Varronis
499 1898 619 1955 serravit
645 1896 760 1956 totidem
785 1898 894 1956 Arateis
913 1896 1112 1976 Διοσημειῶν

32 1974 170 2064 ¹ti'urllinss,
197 2000 227 2049 et
253 1991 319 2068 quia
344 1990 478 2068 Vegetius
495 1989 532 2047 de
550 2006 582 2048 re
600 1989 679 2047 milit.
693 1992 730 2064 ’4,
748 1994 798 2051 41.
822 2009 896 2070 quae
922 1991 998 2071 apud
1016 1992 1110 2070 Virgi-

32 2070 90 2133 tliun
104 2080 232 2158 leguntur,
252 2083 376 2142 extitisse
394 2082 469 2161 apud
489 2082 647 2144 Varronem
667 2085 695 2141 in
713 2082 793 2142 libris
815 2083 961 2144 nouolihua
984 2084 1108 2148 tradidit.

32 2166 85 2233 ‘Qui
98 2176 198 2249 quidem
216 2196 297 2236 error
315 2177 425 2254 vegetii
442 2177 507 2234 satis
532 2177 696 2235 excusabilis
722 2186 780 2235 est:
805 2177 947 2240 Varroues
972 2179 1111 2257 confudit,

45 2264 91 2335 quia
109 2280 217 2328 uouerat
239 2272 363 2329 tortasse
390 2270 517 2326 Marcum
543 2270 709 2329 Terentium
733 2270 771 2329 de
789 2279 852 2329 ortu
871 2280 901 2330 et
920 2291 1020 2332 occasu
1038 2272 1111 2334 side·

45 2350 235 2443 monentisque
254 2366 317 2423 illos
337 2364 528 2422 comitantibus
546 2364 699 2442 scripsisse,
718 2362 812 2424 soluta
836 2365 948 2443 quidem
971 2370 1111 2444 oratione,

45 2447 101 2506 cuius
122 2458 205 2532 operis
231 2460 310 2517 locos
335 2458 401 2516 satis
423 2458 526 2515 multos
553 2467 650 2516 extare
676 2457 756 2517 rideo
783 2457 859 2534 apud
882 2461 927 2517 io.
946 2459 1056 2537 Lydum
1073 2461 1112 2522 de

32 2545 161 2606 usurum.
197 2550 290 2630 quue
309 2571 380 2630 opus
398 2552 559 2627 inscriptum
584 2567 645 2608 esse
670 2551 762 2628 potuit
787 2549 863 2609 iibri
876 2553 1007 2628 navales,
1034 2555 1112 2614 cuiue

46 2627 135 2697 fortasse
150 2655 243 2720 partes
254 2647 376 2704 inerunt
393 2633 456 2705 libri
476 2643 509 2701 do
528 2660 579 2701 oro
598 2647 751 2719 ururitimu,
770 2663 841 2722 quos
860 2653 980 2723 quatuor
997 2649 1025 2706 in
1044 2649 1111 2708 locu

47 2722 142 2809 Seuius,
163 2748 190 2796 et
209 2740 422 2813 inaccusatis,
441 2755 526 2814 quem
544 2737 605 2816 ipse
618 2737 713 2799 Varro
732 2748 930 2799 commemorat
945 2759 976 2819 p.
988 2741 1113 2819 105,ot.

46 2816 77 2875 ed·
94 2823 172 2887 Dord.
214 2835 348 2911 Vegetius
378 2833 462 2909 igitur
487 2845 544 2888 non
576 2833 678 2890 evincit
709 2831 861 2911 quidquam
884 2833 922 2893 da
946 2853 978 2894 re
1003 2836 1114 2896 nautica

32 2914 205 2997 'reucupsisse
229 2929 260 2985 in
287 2925 507 3003 cosmographia
529 2922 564 2985 P.
592 2925 758 2984 varronem.
811 2926 914 3005 Neque
944 2942 1115 3008 magnopere

46 3014 201 3078 utemini
219 3038 316 3079 uersus
334 3021 370 3078 ab
390 3023 476 3077 Arato
504 3021 630 3077 conversi
656 3020 685 3077 iu
703 3020 752 3078 ilia
770 3020 836 3080 lecti
860 3021 945 3079 fuisse
969 3032 1113 3100 putantur.

46 3093 175 3168 Ruhnkenii
191 3115 323 3191 opinioni,
342 3113 582 3171 Varronem‘satis
600 3110 720 3172 fideliter
744 3114 805 3190 ipsa
829 3114 906 3171 Arati
925 3112 1046 3171 carmina
1064 3131 1115 3172 ex·
1164 3122 1166 3131 '

46 3198 166 3278 pressim,
190 3225 287 3264 corum
315 3205 384 3265 nilril
409 3206 551 3266 adversari
576 3204 705 3279 ridetur,
730 3223 803 3282 quae
829 3214 910 3283 putat
935 3205 1113 3267 Wnellneme

46 3294 66 3353 l·
80 3290 119 3346 ²9·
159 3297 232 3366 Quia
257 3301 331 3360 enirn
355 3301 469 3359 Servius
495 3300 652 3357 Varronem
672 3306 795 3356 reustum
820 3317 879 3356 esse
896 3299 1010 3357 Aratum
1036 3300 1115 3380 dicit,

32 3373 212 3461 ,litteratulus
230 3411 291 3453 csse
310 3412 367 3451 non
385 3390 501 3471 potasti
526 3393 647 3465 Scilicet,
669 3403 700 3449 ut
719 3390 794 3470 apud
821 3393 982 3450 Ciceronem
993 3392 1038 3452 ¹de
1055 3404 1115 3454 nat.

32 3464 217 3555 'dror.1‚42‚
253 3486 361 3543 Ennius
379 3492 406 3542 rt
432 3485 629 3561 interpretatus
647 3491 675 3541 et
698 3495 809 3547 secutus
831 3485 1020 3547 Euhemerom
1045 3488 1119 3549 diri-

32 3566 90 3639 ‘tu
105 3572 223 3638 namnum
248 3579 277 3636 a
298 3572 416 3637 ‘reversa
442 3579 583 3655 operans.
619 3578 657 3636 at
681 3578 757 3656 apua
781 3578 952 3639 priscianum
970 3582 1000 3657 7,
1021 3589 1066 3641 ιι.
1085 3602 1118 3663 ρ.

32 3654 97 3716 '³²8·
119 3665 166 3727 Kr.
192 3673 300 3731 Seneca
321 3671 451 3730 Ovidium
475 3674 617 3746 sequntur,
642 3668 718 3730 cuius
745 3691 840 3732 versus
864 3674 975 3752 allegat.
1014 3677 1119 3736 Gran«

32 3752 181 3825 'malicum
199 3766 282 3844 igitur
298 3766 388 3823 oratio
407 3763 502 3823 differt
520 3784 538 3823 a
556 3766 747 3824 Ciceroniana.
785 3765 895 3826 Deinde
916 3787 1009 3828 uersus
1029 3771 1117 3846 Arati,

48 3855 101 3941 gnos
116 3850 220 3917 Seruius
238 3869 377 3934 recenset,
395 3860 424 3917 in
445 3844 650 3937 exemplaribus
669 3860 770 3917 nostris
793 3861 858 3937 plus
883 3861 977 3940 viginti
996 3867 1054 3922 aliis
1072 3844 1125 3923 diss

48 3945 167 4006 tuantur.
205 3953 263 4011 Hos
288 3953 404 4010 totidem
429 3953 564 4010 continuis
590 3955 681 4010 Varro
706 3953 845 4030 reddidit,
874 3972 941 4033 ergo
967 3976 1022 4015 non
1049 3960 1119 4017 Ara·

50 4028 94 4084 ‘¹¹¹³
110 4035 296 4122 interpretatus
316 4064 386 4114 essa,
406 4046 455 4103 sed
476 4048 645 4126 excerpsisse
670 4048 786 4105 ridetur.
826 4048 884 4108 Sed
910 4050 976 4109 nihil
993 4050 1119 4128 impedit,

53 4128 174 4194 tultorium
193 4149 256 4218 post
275 4148 406 4218 quartum
425 4141 558 4201 Varronis
576 4159 686 4202 versum
711 4143 931 4224 interpougatur.
967 4142 1032 4204 Non
1051 4158 1121 4224 part·
