2650 4700
218 198 276 273 ,ῃ
475 234 479 245 .
589 189 625 249 P.
644 186 765 249 numu
779 186 952 252 musonis

174 378 418 473 ..Nescitiu
438 378 609 454 immenso
634 376 761 454 laniari
785 396 941 478 corpora
957 381 1101 481 pontes
1144 416 1147 427 ·
1217 404 1221 415 ·

173 490 210 547 ⁴⁰
277 485 410 559 Nescit
431 484 492 579 egi
514 482 653 557 ventiss
676 481 799 557 nescit
819 481 951 557 adesse
976 504 1115 558 neoem.

223 586 256 663 θ
281 585 385 678 bene,
410 581 505 682 quod
529 605 604 657 uon
627 606 704 656 sum
730 583 1146 661 messmoonsusndsse
1176 608 1311 687 passis

272 688 334 763 Ne
359 687 441 760 mibi
464 708 559 759 mors
581 685 713 759 misero
736 685 792 759 bis
815 684 983 786 patienda
1008 687 1112 763 foret.

221 788 275 863 At
299 812 394 879 nuno
420 793 459 862 ut
482 811 637 887 peream,
662 790 825 886 quoniam
850 794 952 893 qaret
971 786 1035 863 illa
1057 786 1210 891 perielo,

270 889 423 966 Dimidia
446 897 546 966 certe
569 894 673 988 parte
697 896 882 990 superstes
907 914 984 966 ero.
1278 952 1311 983 ‚‚

172 1004 208 1061 ⁴5
224 990 296 1087 Hei
318 992 411 1086 milri,
442 1016 545 1090 quam
570 989 682 1067 celeri
703 993 900 1067 micuerunt
923 991 1046 1068 nubila
1065 989 1220 1065 flammai

272 1094 436 1186 Quantus
462 1094 506 1168 ab
520 1092 693 1182 aetherio
718 1102 889 1193 personat
913 1118 987 1169 axe
1010 1093 1176 1189 fragori

220 1194 306 1273 Neo
331 1195 451 1273 levius
477 1193 621 1271 tabulae
646 1194 797 1271 laterum
820 1196 993 1273 feriuntur
1018 1195 1063 1271 ab
1089 1192 1211 1283 undis,

271 1298 384 1389 Quam
408 1320 524 1396 grave
548 1296 703 1374 balistae
728 1301 870 1374 moenia
893 1297 1014 1399 pulsat
1037 1320 1139 1371 onus.

172 1438 176 1449 ·
219 1399 292 1492 Qui
316 1401 415 1477 venit
438 1399 498 1475 hie
521 1399 661 1492 fluetus,
684 1399 814 1475 fluetus
838 1402 1078 1501 supereminet
1096 1421 1247 1475 omnent

151 1506 208 1599 ,⁵⁰
271 1501 457 1578 Posterior
482 1525 587 1576 nono·
597 1509 669 1591 est,
694 1500 950 1602 undecimoque
972 1505 1084 1605 prior.

218 1602 440 1682 Nonlotum
463 1606 590 1680 timeo:
614 1626 732 1702 genus
757 1612 816 1680 est
836 1603 1039 1682 miserabile
1062 1602 1137 1679 leti.
1260 1662 1264 1669 «
1309 1636 1310 1647 ¹

271 1756 321 1813 41.
358 1753 396 1812 m
414 1755 496 1814 bene.
572 1755 622 1817 47.
659 1755 780 1814 laterum
799 1733 935 1816 tabulae
995 1753 1044 1815 5'1.
1082 1753 1145 1812 Nec
1161 1720 1259 1811 letum.

294 1898 342 1954 41.
384 1917 402 1955 o
423 1915 518 1957 nsua.
539 1901 589 1958 Dii
605 1895 670 1958 bene
688 1898 936 1974 Guelferbytanus,
955 1897 1037 1974 prim.
1055 1890 1138 1954 Polit.
1177 1896 1240 1953 rim.
1250 1892 1306 1950 Vnt.

216 1970 307 2031 Pelet.
327 1986 383 2031 seu.
404 1974 484 2033 Serv.
503 1975 622 2034 Puteum.
644 1994 736 2035 asec.
757 1994 844 2049 mam,
864 1980 984 2051 quatuor
1008 1981 1155 2051 praeterea
1193 1968 1304 2043 einsiani.

216 2052 256 2107 m
272 2047 478 2109 beunFraneof.
498 2070 562 2109 am.
573 2071 617 2128 pr.
637 2052 750 2131 Reliqui
768 2061 798 2111 et
814 2052 902 2108 nostri
920 2069 983 2107 cum
1002 2058 1068 2108 vett.
1089 2046 1154 2107 edd.
1174 2046 1305 2107 onunibms

218 2124 338 2198 (ibone,
358 2126 433 2201 quod
452 2129 511 2183 Art.
530 2146 585 2185 am.
605 2133 635 2201 2,
655 2130 713 2186 605
732 2129 792 2205 ipse
818 2127 946 2185 Heinsius
973 2144 1009 2185 ex
1032 2124 1109 2182 libris
1138 2124 1257 2187 admisit
1272 2151 1310 2189 -q

213 2218 454 2331 possus-meeum
473 2201 553 2264 Leid.
572 2213 701 2281 uterque.
739 2222 838 2262 onoma
857 2221 946 2262 conse.
966 2201 1053 2262 Bern.
1082 2201 1243 2263 munsuders
1256 2198 1310 2289 Paq

226 2286 263 2334 at.
305 2277 365 2335 rim.
385 2278 468 2335 Crer.
830 2330 832 2337 ,

284 2294 339 2410 [312.
379 2372 420 2412 un
441 2372 530 2413 mrur.
568 2358 652 2413 Noun
677 2355 745 2414 sisibi
764 2355 809 2413 ed.
855 2356 923 2414 rinc.
943 2355 1040 2414 Heius.
1061 2353 1103 2414 bis
1120 2355 1224 2412 osisero
1239 2366 1309 2422 strom¹

213 2426 378 2487 lloussusl.
395 2430 480 2490 Bern.
502 2430 544 2489 bis
562 2431 707 2491 tolerando
726 2452 797 2489 unus
848 2431 918 2490 edic.
957 2433 1048 2492 Versu
1066 2450 1127 2509 seq.
1147 2425 1309 2507 qrsomquost]

215 2511 290 2564 corel
308 2506 452 2565 Guelferb.
473 2527 490 2564 a
508 2528 552 2585 pr.
571 2527 609 2565 m.
627 2512 692 2584 ipso
709 2508 788 2565 Leid.
810 2520 937 2585 uterque.
1307 2543 1309 2596 p

291 2581 344 2642 45..
379 2600 572 2644 mreunnumr
593 2602 730 2642 nunna.
768 2592 933 2643 conuertunt
956 2581 1052 2642 nvidus
1076 2582 1122 2641 ed.
1135 2580 1301 2639 Bononio

214 2655 331 2714 boimunt
355 2658 421 2716 nub.
449 2679 508 2718 exc.
539 2662 621 2718 Voss.
648 2659 744 2718 Berol.
768 2660 852 2720 Grer.
880 2663 1032 2719 munuum
1056 2660 1150 2718 sidero
1176 2658 1215 2718 fr.
1240 2658 1300 2714 Res.

213 2733 336 2864 {iegduem
358 2733 440 2810 Rel.;
462 2737 564 2796 Fraus.
585 2755 736 2795 aueum.
775 2736 881 2794 lssmims
896 2738 961 2796 luo.
987 2736 1104 2812 {alpem
1121 2734 1256 2793 Benneus.
1277 2733 1308 2804 ei

247 2826 346 2865 eonu.

291 2886 338 2940 47.
378 2903 531 2944 rnnunan
551 2905 721 2946 narramur.
742 2884 1076 2946 manutenuimus.
1097 2886 1161 2946 edd.
1182 2896 1214 2945 et
1230 2881 1299 2943 eodd.

213 2960 362 3020 Guelferb.
381 2963 444 3020 Pal.
464 2982 520 3022 sec.
539 2964 612 3022 Mor.
631 2963 712 3024 Leid.
732 2975 860 3042 uterque,
879 2962 1012 3023 Francos.
1032 2962 1096 3021 Rel.
1121 2963 1234 3040 Reliqui
1249 2958 1307 3019 liti*

212 3052 248 3092 eo
267 3036 374 3114 ordine,
395 3059 451 3115 quo
470 3040 640 3099 exhibemus.
1305 3039 1307 3115 l

212 3167 217 3174 .
287 3113 335 3173 49.
376 3131 476 3172 vnrur
502 3135 568 3173 urc.
610 3119 684 3175 uertit
705 3116 769 3175 bine
794 3124 861 3171 vett.
890 3112 954 3173 edd.
981 3125 1093 3191 praeter
1110 3114 1234 3186 Bonum,
1251 3115 1307 3168 tres

210 3186 317 3246 Heinsii
335 3191 417 3248 codd.
437 3202 467 3249 et
484 3193 578 3251 Berol.
606 3193 660 3252 bun
683 3193 772 3251 Serui
797 3192 900 3258 codex,
926 3193 1000 3266 quod
1020 3193 1141 3267 probare
1161 3185 1308 3248 Fundam

212 3261 302 3320 video.
330 3266 420 3324 Versu
439 3286 499 3345 seq.
519 3287 575 3326 noo
593 3277 635 3327 est
651 3270 733 3326 Serv.
753 3266 964 3342 smdeeimusque
980 3267 1091 3325 Pirelb.
1129 3266 1256 3325 Eruenda
1270 3245 1306 3321 er*

211 3334 266 3393 hoc
283 3339 346 3399 loco
364 3362 475 3401 versum
492 3345 607 3403 Metam.
630 3352 676 3414 ll,
695 3345 770 3401 529:
1121 3347 1124 3352 '
1160 3373 1165 3378 ¹
1304 3344 1306 3370 '

356 3422 404 3477 Sin
422 3419 468 3477 ubi
485 3421 634 3497 pulsarunt
652 3423 746 3477 novies
766 3419 856 3477 latero
875 3418 966 3478 arduo
984 3415 1086 3491 lineato
1304 3415 1307 3456 ¹

357 3498 473 3553 Vestina
489 3501 633 3572 instrepens
651 3496 769 3554 deotmue
786 3500 844 3554 suit
862 3499 980 3572 impetus
998 3493 1097 3551 nudae.
1304 3485 1307 3526 i

208 3573 272 3631 Hoc
296 3571 370 3633 enim
396 3573 485 3629 latere
509 3572 623 3631 dixerim
641 3574 824 3649 inscriptura
851 3573 956 3648 aliquot
982 3571 1082 3628 codd:
1107 3572 1190 3627 mois
1207 3545 1305 3628 isses*

207 3649 345 3709 Nimirum
363 3646 478 3706 Ouidius
497 3668 553 3705 noo
584 3649 692 3705 videtur
717 3649 849 3705 domminus
872 3645 985 3719 fluctuas
1010 3665 1063 3724 pro
1088 3645 1238 3706 demensum
1255 3644 1305 3701 ab!

207 3727 297 3785 solute
315 3724 424 3798 dixisse,
444 3725 519 3802 quod
539 3735 604 3802 post
622 3743 687 3781 eum
695 3724 813 3792 Seneca,
832 3723 926 3791 Valer.
947 3723 1076 3796 Flaccus,
1094 3723 1185 3782 Silius
1196 3709 1306 3808 ltalicull

205 3800 344 3874 iecerunt,
361 3819 433 3875 quos
451 3801 514 3858 vide
532 3800 608 3877 apud
624 3800 754 3857 Politian.
773 3800 924 3857 Miscellan.
945 3818 969 3855 c.
990 3802 1038 3855 86.

177 3889 178 3893 ’
280 3878 329 3935 51.
368 3893 434 3933 nom
461 3893 572 3933 aarum
599 3891 714 3936 ωηο.
759 3876 919 3934 Nenletsuo
944 3876 1033 3932 maior
1056 3874 1138 3934 uodd.
1180 3892 1243 3932 ars:
1264 3868 1295 3930 ir·

204 3949 277 4011 Rev.
310 3971 371 4012 exe.
397 3952 479 4009 Voss.
506 3952 598 4012 Palat.
626 3971 682 4010 ser.
709 3954 773 4009 Juo.
802 3951 883 4012 Leid.
910 3953 992 4029 prim.
1017 3952 1090 4028 Reg.
1116 3951 1146 4007 G
1185 3993 1193 4009 .
1221 3949 1304 4008 Serui

202 4024 282 4088 anl.
303 4026 502 4109 septemdecim
521 4030 575 4099 alii,
595 4029 701 4088 Heinsii
720 4027 765 4087 ed.
786 4030 873 4104 princ.
901 4033 938 4086 At
956 4028 1103 4087 Guelferb.
1123 4026 1218 4086 Berol.
1236 4024 1305 4090 Rel,

202 4103 284 4164 διον.
303 4107 389 4165 Bern.
409 4123 473 4163 eum
491 4106 624 4196 reliquis:
644 4108 711 4163 Non
731 4104 824 4163 letum.
861 4104 923 4163 Nos
946 4122 981 4162 ex
998 4104 1099 4161 horum
1117 4120 1233 4162 numero
1242 4099 1292 4159 Ps-

197 4178 314 4243 letinsm
332 4180 453 4262 primum
471 4182 643 4268 potissimum
661 4183 811 4264 sequimur.
849 4179 936 4242 Bern.
955 4190 1120 4264 praetereas
1149 4179 1291 4262 kloster·
