2650 4700
210 205 286 281 too
590 199 626 262 r.
645 197 766 265 ortou
782 196 951 262 ossuum
1061 271 1065 280 ,

133 391 155 468 J
208 386 384 449 multitodme
402 385 535 463 gentium,
555 404 630 465 quse
649 383 689 445 ecl
706 382 957 464 interpretandum,
975 382 1052 464 quod
1067 385 1235 465 proecessith
1253 403 1304 452 css

208 466 269 525 dios
287 464 379 524 hostes
398 464 515 524 conficta
534 465 599 521 siut.
640 466 678 520 At
696 464 775 519 nobis
802 482 859 522 non
885 464 931 520 ine
952 474 981 520 to
1006 463 1068 522 loco
1090 465 1146 522 ista
1173 468 1304 525 enarratio

208 544 299 621 posita
318 541 436 612 videtur,
454 541 537 597 immo
557 549 676 617 propter
696 538 724 595 id
743 540 844 612 ipsum,
865 555 920 615 quo
960 539 1107 614 antecedit,
1123 542 1236 617 requiri.
1254 545 1304 624 Ap·

208 628 289 709 paret
309 616 380 674 enim
401 634 436 673 eo
454 616 649 692 omnio,'quae
673 615 794 672 versibus
816 618 883 688 187,
904 618 971 672 188.
992 615 1201 692 comprehendit
1220 629 1303 693 poete

144 753 147 762 ,
208 708 237 751 rn
257 694 434 770 sequentibus
453 693 610 768 siugulatim
628 692 806 768 pertractari.
846 691 957 749 Verba:
989 687 1253 769 Mhoto'porpctior
1269 695 1303 751 in·

207 777 383 847 terpretatur,
402 768 517 826 disticho
538 772 605 842 189,
631 770 699 825 190.
739 766 852 842 hostes,
878 787 948 844 quos
962 779 1243 841 commemoraverat,
1258 769 1302 844 bis,

229 866 278 904 uos
298 854 458 917 tractamus,
476 845 599 902 versibus
617 851 783 916 enumerat,
806 861 916 901 versum
936 846 1002 902 198.
1030 843 1150 921 denique
1169 844 1265 910 dssatat
1279 846 1303 904 in

207 866 264 980 duo
284 920 406 979 'disticha
432 940 456 979 v.
480 924 535 977 193
554 950 593 965 -
611 922 678 978 196.
719 914 805 988 Qu‘od
825 929 915 978 totum
943 929 975 977 ut
1001 916 1116 988 consilio
1142 930 1171 978 et
1198 921 1301 978 artificio

207 999 251 1070 fit,
272 998 310 1055 ito
330 997 437 1078 singula
455 997 483 1053 in
503 996 557 1053 hoc
576 1004 673 1053 nostro
701 995 819 1054 disticho
847 1006 904 1054 tam
930 1005 1059 1055 accurate
1088 996 1200 1054 dimidio
1225 998 1301 1055 venui

132 1139 135 1148 ¹
207 1077 275 1131 197.
293 1071 474 1150 respondent,
494 1082 526 1130 ut
543 1072 609 1132 artis
635 1071 823 1149 interpolandi
847 1072 1041 1150 peritissimum
1067 1072 1153 1132 istaec
1176 1072 1301 1131 addidisse

206 1158 361 1228 oporteret.
401 1148 474 1205 Nam
502 1167 567 1206 cum
585 1138 691 1205 medios
710 1151 783 1205 inter
800 1146 895 1206 hostes
923 1150 955 1206 s'e
972 1148 1092 1224 positum
1116 1147 1239 1222 dixisset,
1258 1149 1299 1207 eir.

165 1261 169 1275 .
205 1231 236 1298 3,
258 1233 306 1300 11,
326 1230 384 1298 13,
404 1227 459 1282 iam
478 1225 608 1301 bipartito
624 1241 677 1281 eos
695 1223 813 1297 inducit,
832 1219 879 1301 qui
897 1225 934 1281 ab
953 1235 1072 1301 utraque
1088 1224 1211 1282 Danubii
1229 1234 1298 1303 parts

206 1303 280 1359 bella
299 1311 425 1360 movent:
447 1302 560 1376 lazyges
579 1310 609 1358 et
628 1300 749 1358 Colchos
759 1309 787 1357 ‘a
805 1300 922 1369 sinistro,
947 1302 1037 1359 Getas
1055 1309 1085 1358 et
1103 1302 1175 1376 illos,
1196 1304 1299 1379 quicun·

226 1395 261 1435 ue
280 1379 370 1455 quarti
388 1378 574 1451 nominantur,
595 1395 613 1433 a
635 1376 743 1434 dextra.
783 1375 953 1443 Perventum
974 1377 1048 1434 enim
1067 1387 1110 1435 est
1127 1376 1163 1434 ad
1193 1379 1296 1438 anan

204 1397 354 1512 gebraderi
374 1454 566 1525 obiectionem,
587 1470 642 1529 qua
660 1453 758 1510 inscite
777 1461 808 1510 et
825 1454 885 1512 sine
905 1453 1007 1510 dilectu
1027 1453 1096 1510 haec
1115 1454 1238 1530 gentium
1254 1473 1296 1513 no·

205 1532 279 1587 mina
306 1539 437 1606 congesta
463 1530 491 1585 in
519 1539 605 1586 unum
632 1528 767 1606 disputat.
805 1529 866 1586 Nos
894 1529 1020 1587 ordinem
1047 1538 1076 1586 et
1101 1531 1236 1587 rationem
1258 1528 1297 1588 de·

205 1606 384 1683 prehendisse
409 1605 549 1662 videmur:
577 1606 697 1682 primum
723 1606 859 1672 nominari
888 1614 985 1682 gentes
1011 1604 1085 1662 ultra
1109 1607 1212 1663 lstrutn
1230 1605 1297 1663 lichi-

117 1691 118 1694 ’
207 1693 309 1740 tontes.
347 1682 391 1740 De
410 1682 553 1756 lazygibus
571 1681 600 1738 id
618 1700 676 1739 non
695 1691 739 1740 est
757 1682 881 1750 dubium,
908 1681 963 1739 vid.
991 1680 1075 1739 Pont.
1095 1681 1126 1755 4,
1145 1685 1176 1756 7,
1197 1686 1227 1740 7.
1261 1683 1295 1741 Dc

205 1758 316 1816 Colchis
336 1759 549 1816 controversiam
565 1767 659 1815 rnoret
676 1757 860 1831 Schrstlerus,
881 1756 1008 1815 Merulae
1027 1757 1156 1814 iudicium
1180 1749 1295 1831 ‘secutam

176 1899 181 1908 ‚
204 1835 253 1910 qui
279 1834 398 1893 Colchos
424 1843 491 1892 toto,
510 1833 620 1892 Euxino
647 1835 718 1892 mori
743 1852 761 1891 a
786 1833 942 1891 'l'omitouis
969 1833 1118 1891 disiunctos
1147 1834 1240 1891 locum
1262 1833 1296 1896 hit

190 1908 308 1970 'habere
326 1912 454 1987 negabat.
494 1910 552 1968 Sed
578 1911 764 1969 coniecturam
789 1909 932 1968 Merulae:
964 1911 1044 1968 Gorsi
1069 1909 1189 1987 legentis
1198 1921 1236 1990 ‘et
1250 1909 1296 1967 sb·-

202 1988 266 2061 cylli
285 1986 563 2064 explicationcm,-de
582 1986 693 2045 Colchis
714 2005 748 2044 ex
766 1986 886 2045 Medeae
912 1986 1105 2064 persecutione
1134 1987 1192 2044 illic
1209 1983 1294 2048 relict's

202 2064 905 2197 9191191129.292911ῗέ21
920 2062 1294 2202 9192913999

83 2281 85 2284 ¹
202 2218 233 2287 1,
253 2217 300 2271 19.
319 2214 380 2271 vel:
399 2178 566 2288 Jazyjei'o
578 2156 684 2287 Maiori,
701 2214 768 2272 Mel.
789 2221 819 2289 2,
841 2215 889 2272 1.”
907 2176 915 2196 ⁹
932 2218 1022 2273 Potui
1040 2177 1070 2273 et
1089 2179 1292 2280 dobh'conld

202 2299 268 2347 sunt
285 2290 314 2347 in
333 2289 473 2366 Mythogr.
492 2290 556 2346 Vat.
577 2290 658 2368 prim.
677 2310 708 2369 p.
720 2293 749 2348 7.
760 2290 805 2349 ed.
820 2290 904 2350 Rom.
943 2290 1002 2348 Nos
1022 2290 1050 2348 in
1067 2290 1236 2369 Colchorum
1251 2309 1292 2350 no·

200 2367 277 2425 mine
296 2385 352 2425 noo
371 2366 547 2424 offendimus.
564 2394 567 2401 ·
590 2365 664 2423 Nam
684 2368 739 2425 aut'
758 2368 906 2426 credidisse
930 2368 993 2425 illos
1017 2379 1130 2446 poetam
1154 2368 1185 2425 in
1213 2364 1303 2447 riht,

200 2451 260 2500 tate
277 2444 320 2501 sui
376 2444 463 2516 sitos,
489 2452 539 2514 out
563 2452 639 2501 certe
665 2443 719 2502 hoc
743 2454 775 2503 ut
800 2445 937 2522 fingeret,
962 2444 1015 2503 sibi
1040 2444 1200 2522 permisisse
1225 2440 1292 2505 disd-

199 2537 263 2578 mus
280 2537 317 2579 ex
359 2529 417 2577 ont.
438 2521 514 2594 1,4,
535 2525 590 2577 23:

342 2597 459 2673 crispine,
477 2598 516 2653 iss
526 2595 580 2653 hos
597 2601 693 2673 portes
710 2594 782 2673 qttod
800 2598 903 2656 uenerit
920 2597 1028 2656 Aesone
1045 2602 1142 2671 notus,
1172 2636 1174 2643 ›

166 2702 170 2707 ,
400 2674 493 2742 Quom
511 2671 620 2730 hadom
637 2691 658 2730 o
675 2690 740 2731 soro
756 2677 918 2752 pertentare
933 2673 1019 2747 fact.
1055 2696 1059 2703 ·

200 2754 235 2806 ct·
247 2745 314 2805 ibid.
335 2766 363 2804 v.
382 2752 430 2820 31,
448 2753 503 2806 32:

349 2827 474 2882 luootior
491 2827 647 2884 Haemonio
667 2831 709 2883 ost
727 2830 828 2900 Ponto,
847 2844 931 2904 quom
949 2829 1053 2897 Romo,
1072 2825 1188 2886 sinistro

256 2930 258 2933 ·
333 2899 335 2907 ’
399 2903 439 2957 ut
457 2898 564 2959 hrsoios
582 2920 666 2978 quom
683 2920 736 2961 ctos
754 2902 800 2960 ills
817 2907 920 2980 perspit
940 2906 1003 2962 tter.
1027 2942 1042 2969 a

149 3032 151 3037 ,
198 2973 268 3031 Her.
290 2979 339 3050 12,
357 2977 413 3034 27ι
449 2978 504 3034 llic
521 2976 651 3053 Ephyren
670 2976 811 3049 limosana
830 2979 946 3052 Septicio
963 2986 1044 3038 boos
1062 2979 1109 3038 ills
1126 2981 1229 3041 niuoso

181 3076 184 3090 ¹
240 3088 243 3101 ·
501 3053 590 3111 Omne
607 3061 691 3129 tato,
711 3058 800 3112 Ponti·
885 3054 971 3131 pleps
989 3055 1070 3116 laevo
1087 3061 1168 3115 locst.

201 3123 261 3215 Cfr.
286 3125 408 3203 ibice,
428 3130 504 3202 196,
531 3149 573 3206 sq.
598 3141 627 3188 et
649 3131 782 3207 Salrago.
801 3073 952 3191 simulatum
978 3132 1034 3190 fine
1060 3133 1240 3210 praelationis
1261 3125 1300 3193 td.

199 3197 273 3272 Ihm,
293 3205 341 3280 qui
360 3203 397 3261 de
416 3203 469 3262 hac
487 3216 632 3281 poetarum
651 3206 761 3264 licentia
779 3208 846 3283 agit.
886 3208 914 3265 T
915 3209 984 3266 ertia
1003 3228 1082 3286 gens,
1102 3209 1179 3266 cuius
1201 3200 1300 3267 nomenl

198 3285 229 3334 et
250 3278 330 3337 sedes
349 3279 463 3338 dubium
482 3281 549 3338 nibil
572 3282 689 3354 habeut,
716 3282 807 3341 Getae
825 3291 908 3359 suot,
933 3284 1006 3342 iuter
1031 3305 1101 3363 quos
1126 3303 1158 3343 se
1176 3285 1290 3343 babitus

197 3354 357 3431 saepissim
389 3353 456 3415 dicit
493 3356 623 3415 Ovidius:
659 3361 698 3416 cis
728 3358 887 3417 Danubium
923 3361 1007 3436 igitur
1039 3362 1207 3420 incolebant.
1254 3360 1290 3419 Dt

197 3438 310 3518 quarta,
330 3449 403 3508 quae
423 3433 546 3510 ponitur,
566 3434 658 3492 omnia
677 3434 810 3492 obscura:
830 3435 964 3494 Mactonii
984 3438 1079 3515 oppidi
1098 3437 1188 3511 (Ptol.
1208 3432 1290 3512 3,5.)

195 3503 302 3564 incolas
320 3507 396 3564 haud
415 3510 496 3567 facile
514 3511 641 3591 potuisse
661 3510 717 3568 dici
733 3510 886 3571 Meteream
915 3513 1036 3587 turbam,
1065 3514 1141 3590 quod
1169 3512 1289 3571 voluerat

153 3598 156 3602 ’
194 3578 315 3657 Merula,
334 3583 507 3643 Scluaderus
532 3585 679 3644 admonet:
709 3588 825 3646 alteram
844 3588 966 3647 eiusdem
986 3590 1189 3648 coniecturamc
1217 3592 1288 3647 Na·

110 3711 113 3715 .
193 3658 854 3798 {wluffffelmffieinlsstatgffllmili
872 3666 980 3798 genitilis
1005 3666 1199 3799 lprmationepn
1219 3664 1298 3799 dg,

356 3756 372 3792 c
428 3757 450 3795 ts
543 3757 594 3796 nr
630 3759 646 3796 e
737 3759 837 3799 aecus
862 3759 1196 3801 umremoscrrsera:

191 3824 291 3943 asts
309 3811 426 3947 latit,
443 3759 700 3948 tecle
729 3818 870 3950 aar
896 3817 1024 3952 stt
1052 3762 1212 3952 ‘dra
1230 3817 1288 3950 u

190 3926 390 4055 aaran,
421 3910 894 4047 maculasset*
902 3912 1184 4043 ..9291919
1202 3912 1288 4029 blot

188 4037 264 4095 ahud
284 4041 352 4117 qord
372 4043 475 4119 requiri
492 4043 611 4119 ridetur,
637 4044 674 4103 ad
700 4046 777 4124 quod
801 4065 855 4123 eo,
881 4064 965 4124 quem
990 4066 1076 4125 supra
1101 4048 1245 4106 indicarint

187 4125 264 4172 certe
288 4117 406 4192 ordine,
439 4136 525 4195 quem
550 4129 637 4198 poeta
661 4130 774 4181 secutus
798 4123 909 4181 ridetur
934 4133 964 4181 et
989 4124 1060 4184 alius
1083 4124 1211 4185 simillimi

185 4195 402 4269 comparatione
409 4193 580 4257 deducimur.
619 4198 646 4257 ls
665 4208 707 4259 est
725 4198 807 4259 Poot.
828 4205 857 4277 1,
876 4204 909 4278 2,
927 4199 966 4261 55
985 4219 1047 4281 sq·t
