2650 4700
217 165 281 247 η
548 155 952 242 ,normruususs

156 397 170 430 r
200 341 646 452 'Cunifoepeffl‘l'lntlffla
667 353 818 450 ‹pstot
836 348 919 428 mffi
932 348 1200 450 'wtieliquli'
1280 363 1287 370 ’
1308 349 1311 434 l

273 454 426 533 Labitur
449 477 502 530 es
524 453 640 530 sarus
664 461 752 530 tuno
774 477 919 554 qunque
940 461 1046 553 gutta
1067 457 1167 531 noma

192 556 523 659 almwpropeulsx
547 556 683 649 aderat,
704 579 775 654 qua
797 581 854 633 me
878 556 1068 635 discedere
1092 557 1238 635 Caesar
1308 547 1311 606 l

176 711 182 717 -
274 661 420 736 Finibus
445 667 630 735 extremae
654 662 816 735 iusserat-
835 660 1033 735 Ausonias.

223 763 310 840 Neo
334 785 447 857 mens,
467 783 542 837 neo
567 763 718 862 spatium
730 761 863 838 xinserat
882 765 979 837 sutis·
995 768 1082 862 apta
1102 756 1283 862 parandis
1309 777 1311 802 ¹

153 875 162 920 i
275 867 505 965 Torpuerant
528 863 641 964 longa
662 870 814 964 pentorn
837 873 961 941 nostra
984 887 1093 939 mora.
1157 909 1161 916 ,

222 960 312 1043 Non
336 967 418 1040 nihi
441 968 798 1060 servorum,oon1itis
822 990 895 1042 non
920 991 1009 1045 eura
1030 962 1197 1065 legardis

174 1062 212 1122 ¹⁰
275 1071 365 1147 Nou
388 1075 496 1169 aptae
519 1069 675 1170 profugo
697 1071 814 1147 vestis
839 1072 969 1171 opisve
992 1069 1069 1145 fuit.

1309 931 1312 1002 t

1300 1161 1312 1216 ri

344 1255 375 1312 4.
411 1271 486 1314 nuno
503 1269 626 1334 qunque.
700 1256 730 1315 7.
767 1253 881 1318 fumant
902 1255 969 1314 satis
987 1261 1053 1332 apta
1071 1248 1192 1352 ploranti.
1311 1221 1312 1228 ἵ

221 1411 336 1471 Heinsio
353 1405 470 1472 mutire.
507 1405 665 1472 Tenerrimi
684 1410 810 1473 adfectus
835 1413 889 1487 es't,
915 1410 991 1492 quod
1010 1410 1198 1489 conqueritur,
1215 1421 1258 1466 oe
1275 1371 1313 1464 tal

222 1499 280 1548 tam
299 1489 410 1566 quidem
428 1506 587 1567 supremam
605 1495 715 1547 noctem
734 1491 786 1547 sibi
802 1492 910 1548 Romae
928 1509 990 1547 esse
1009 1490 1124 1546 licuisse.

298 1569 328 1622 4.
346 1593 352 1603 ·
367 1584 453 1623 reso
473 1584 610 1640 quoqne.
636 1584 710 1624 anau
728 1584 844 1643 quoque,
861 1566 938 1644 quod
947 1566 1020 1625 Cios.
1030 1567 1058 1623 in
1068 1562 1150 1624 codd.
1162 1567 1313 1694 replererap

246 1641 396 1719 uodquein
408 1643 503 1716 Gueif.
515 1661 567 1720 pro
587 1662 613 1697 r.
633 1659 687 1701 sor.
707 1644 789 1721 prim.
808 1661 882 1700 man.
903 1654 989 1712 extat,
1008 1642 1134 1699 Heinsius
1153 1658 1187 1697 ex
1226 1645 1313 1694 otten-

223 1660 378 1795 dorplriano
399 1729 428 1775 et
445 1720 535 1796 prima
554 1717 674 1776 editione
693 1721 806 1797 recepit.
846 1719 910 1776 Reli
930 1719 957 1775 ni
968 1728 1059 1776 tamen
1071 1734 1165 1773 omnes
1176 1723 1204 1772 et
1211 1710 1313 1771 Heinsil

223 1803 253 1854 et
279 1795 364 1856 nostri
389 1814 452 1851 enm
477 1805 544 1853 vett.
572 1794 728 1854 eddium
754 1813 866 1873 qttopss.
940 1814 993 1852 nus
1015 1792 1171 1852 Medioenst
1197 1787 1314 1876 arnoldi

218 1877 312 1954 putta.
350 1870 437 1945 Esto,
465 1871 531 1928 illud
552 1872 732 1942 Heinsianum
751 1872 865 1945 habere,
889 1889 946 1948 quo
964 1885 995 1929 se
1014 1867 1203 1940 commendet,
1231 1867 1314 1926 tion«

222 1966 285 2006 rum
303 1957 396 2008 nmen
415 1950 578 2025 scripturam
598 1947 727 2007 deserere
749 1948 844 2025 religio
862 1946 924 2005 snit.
963 1948 1023 2005 Art.
1044 1966 1098 2003 am.
1118 1950 1148 2020 3,
1168 1945 1242 2001 190:

415 2025 483 2082 Gutta
501 2031 586 2102 rupto
605 2031 656 2098 est,
666 2024 755 2102 'pullo
772 2031 837 2082 nuno
855 2039 959 2100 qttoqtts
975 2029 1048 2081 uodo
1065 2020 1131 2095 {uit

297 2113 327 2174 5.
367 2133 435 2173 uox
454 2127 598 2176 sntnnr.
636 2135 696 2175 noa
722 2117 821 2180 meat
844 2116 935 2176 Palat.
960 2135 1017 2177 seo.
1031 2125 1064 2186 et
1081 2114 1138 2173 duo
1165 2111 1211 2184 alii
1231 2112 1314 2170 Hein-

219 2190 300 2251 aaut.
339 2191 450 2269 Reliqui
468 2193 526 2251 eius
544 2202 574 2250 et
592 2207 661 2269 quos
681 2212 732 2250 nos
751 2194 926 2266 contulimus,
951 2202 1000 2250 aut
1018 2193 1133 2251 collatos
1150 2189 1314 2273 inspeximus

219 2286 286 2334 ,sum
304 2268 526 2341 senadern,
542 2269 581 2325 uti
600 2270 792 2346 expressimus.
830 2270 914 2338 Quae
933 2267 1107 2326 Burmannus
1126 2266 1161 2325 ad
1177 2266 1258 2323 lune
1276 2266 1313 2322 lo·

218 2363 286 2402 sum
304 2344 437 2423 disputat,
453 2344 544 2404 sutilia
561 2356 634 2404 sunt.
674 2346 803 2405 Heinsius
820 2347 848 2405 in
869 2344 1041 2423 autographo
1053 2346 1191 2422 vulgatam
1205 2341 1315 2419 egregie

220 2418 404 2481 illustraverat
429 2423 518 2479 verbis
541 2422 655 2499 Ulpiani
680 2423 709 2479 in
732 2423 839 2500 Digest.
864 2425 884 2482 l.
911 2425 959 2481 48.
986 2424 1028 2481 tit.
1054 2428 1103 2496 22,
1127 2424 1157 2490 7,
1183 2420 1238 2477 lis
1263 2419 1313 2476 His

220 2500 269 2574 utri
291 2498 448 2574 rslepontus
471 2498 529 2557 diss
554 2497 926 2576 amterminum
950 2497 1015 2557 duri
1039 2506 1066 2557 ot
1083 2503 1172 2575 potest
1191 2495 1311 2554 nasus.

218 2578 330 2635 Etenim
353 2578 440 2634 asom
463 2582 506 2633 est
529 2579 572 2633 ito
629 2578 788 2635 omasus:
817 2577 904 2636 Illius
963 2577 1070 2634 oomnis
1094 2573 1144 2631 ilia
1165 2572 1314 2647 insulisque

218 2654 261 2711 sis
278 2650 375 2726 rslspo,
393 2651 570 2727 suosquue
621 2651 693 2709 belii
710 2655 786 2711 iaus
809 2653 889 2712 illurn
930 2655 993 2709 mm.
1031 2649 1203 2710 Schraderus
1227 2648 1314 2719 addit,

220 2745 273 2804 pro
294 2727 427 2783 erandnm
444 2727 530 2785 inisse
554 2727 655 2786 Ouidio
682 2726 762 2803 iden,
788 2731 853 2806 qnia
878 2736 950 2788 stato
979 2727 1024 2785 die
1049 2726 1151 2800 tinibus
1177 2730 1314 2782 ammius

219 2806 289 2871 ltu·
342 2803 443 2860 cedere
462 2802 606 2878 debuerit3
625 2804 677 2862 cfr.
695 2804 749 2865 Dio
768 2806 847 2865 Cass.
867 2809 917 2880 41,
937 2806 965 2862 9.
1004 2803 1137 2861 Monebat
1155 2802 1240 2858 etiam
1259 2817 1313 2857 mo·

219 2878 317 3013 lesing
336 2878 520 3013 llqrebrouem
541 2882 617 2943 illam
644 2882 674 2940 in
697 2882 785 2942 tribus
810 2883 921 2942 alternis
946 2881 1069 2938 uersibus
1088 2880 1217 2957 positam.
1256 2892 1314 2936 tunt

218 2973 263 3021 stas
312 2973 346 3013 ue
368 2974 427 3014 er.

222 3082 228 3087 -
296 3052 326 3107 7.
366 3067 426 3108 rare
499 3067 538 3108 ss
564 3066 626 3107 riso
652 3065 801 3109 srnrrunr
824 3048 879 3108 hoe
903 3050 1000 3110 ordine
1044 3070 1078 3123 rq
1102 3049 1236 3126 vulgato:
1261 3049 1314 3108 Ns

217 3128 343 3202 spolium
360 3145 410 3186 nos
522 3128 651 3185 Heinsius
676 3127 762 3185 edidit
786 3138 822 3185 ex
845 3127 989 3186 Barberin.
1014 3070 1125 3185 Hiran.
1151 3125 1234 3184 Leid.
1262 3142 1312 3183 ses.

220 3202 292 3293 Reg.
313 3203 387 3260 Gall.
407 3204 479 3260 Mor.
500 3213 529 3261 et
547 3213 668 3337 quatuor
685 3204 744 3260 aliis
762 3205 818 3261 suis
843 3203 925 3288 codd.
963 3204 1094 3277 Aooedit,
1121 3204 1170 3279 qui
1193 3201 1313 3279 fortassis

217 3278 248 3334 in
269 3278 316 3336 ullo
335 3297 451 3337 numero
469 3280 532 3352 suit,
576 3298 684 3356 egnes,
702 3289 760 3337 tum
780 3279 926 3338 Guelferb.
946 3289 975 3338 et
992 3280 1037 3338 ed.
1047 3278 1241 3338 Bononiensis.
1262 3279 1314 3335 Nes

217 3356 342 3431 qaam
359 3354 454 3428 sumni
470 3375 519 3414 nes
536 3374 613 3414 ments
630 3355 710 3413 Leid.
728 3357 808 3426 prim.
829 3364 859 3413 et
877 3357 956 3415 alius.
994 3357 1099 3417 Verum
1116 3355 1234 3429 fumosi
1253 3352 1313 3412 nulli

219 3430 272 3487 nisi
289 3430 406 3491 Barber.
435 3442 465 3491 et
481 3433 520 3491 fr.
545 3432 617 3490 Res.
642 3449 679 3490 ex
706 3433 861 3491 Heinsiauis
885 3444 914 3492 et
932 3433 1018 3493 nostri
1046 3432 1191 3491 Guelferb.
1212 3441 1244 3489 et
1261 3428 1314 3489 Re·

220 3506 297 3565 lnnd.
334 3508 435 3586 Neque
461 3528 531 3587 opus
559 3519 602 3567 est
627 3502 796 3583 mutatione,
827 3509 878 3566 nisi
902 3529 966 3568 eum
993 3510 1118 3583 Heinsio,
1135 3506 1213 3585 quod
1234 3505 1312 3566 nolint

216 3581 334 3657 factum,
354 3602 389 3642 ex
408 3605 463 3643 uno
482 3585 572 3644 Servii
589 3585 653 3642 ond.
679 3589 794 3661 parenti
819 3587 945 3644 assuras.
984 3584 1090 3644 Omnes
1108 3584 1223 3660 reliqui:
1250 3587 1313 3659 npts

216 3660 353 3736 potandi,
385 3671 580 3739 praeterquam
605 3661 696 3739 quod:
730 3669 799 3738 opto
822 3670 927 3739 parato
956 3662 1087 3735 leichet,
1124 3667 1194 3738 opto
1219 3654 1313 3741 pipsdi

218 3735 318 3794 Comb.
338 3755 391 3814 pro
411 3756 469 3798 sar.
496 3757 569 3812 sen,
595 3756 665 3796 euro
689 3738 811 3815 parandi
827 3740 891 3797 lun.
930 3739 970 3797 Et
995 3738 1144 3797 rectissime
1169 3739 1312 3795 monuerit

216 3811 254 3870 Is.
275 3812 457 3890 Verburgius‚
476 3820 546 3891 apin
565 3831 625 3871 esse
650 3832 745 3872 omnm
773 3824 921 3893 quartum3
951 3814 1005 3874 nisi
1028 3814 1127 3873 durum
1146 3815 1174 3873 in
1192 3811 1311 3872 moduuu

215 3904 319 3967 parare
335 3891 450 3957 verbum
468 3900 596 3949 neutrum
615 3890 676 3967 quis
695 3908 756 3950 esse
773 3893 891 3951 iusserit.

292 3980 322 4040 9.
362 4001 508 4043 courrrrs.
546 3980 747 4044 SieBarberin.
768 3995 797 4043 et
808 3985 888 4044 Gott.
907 4005 960 4064 pro
979 4004 1038 4044 var.
1059 4003 1124 4056 sen,
1143 3980 1312 4064 quodHeiu·

214 4057 273 4127 sius
291 4058 378 4119 edidit
394 4080 448 4139 pro
467 4062 578 4138 vulgato
596 4061 731 4119 librorum
753 4064 805 4122 seri
826 4072 917 4121 torum
944 4072 973 4122 et
990 4064 1204 4141 impressorum
1228 4056 1312 4119 amni·

215 4139 267 4213 iffi.
304 4136 357 4199 etr.
374 4137 457 4217 Seru.
474 4138 513 4201 ad
531 4142 601 4213 den.
619 4143 650 4215 2,
670 4136 740 4216 729,
825 4140 1069 4223 uimprobamuss
1092 4141 1132 4201 ita
1150 4138 1224 4198 euim
1248 4151 1311 4195 sus·
