2650 4700
216 195 297 270 aba
618 181 815 246 ernnusto

215 396 279 434 rara
303 361 423 452 denique
444 380 616 432 momentum
641 370 791 450 suspicioni
817 369 855 429 ds
881 370 968 430 Arato
987 387 1005 431 a
1022 370 1147 431 varone
1175 390 1294 431 οοιιιιιι

214 469 379 540 accederet,
404 467 427 525 si
453 484 548 524 versus
573 463 731 542 quinquen
750 462 842 522 Mario
866 462 1010 524 Victorino
1035 485 1068 544 p.
1085 465 1170 525 2503.
1198 465 1231 527 P.
1246 485 1290 526 ser·

214 564 281 635 rati,
300 560 402 641 quide
421 556 656 634 cosmographiae
676 558 756 614 titulo
784 567 815 615 ut
840 558 1028 634 cogitaretur,
1054 558 1176 635 inprimis
1204 558 1290 616 effers·

214 666 290 728 runt,
309 655 417 733 possint
434 670 496 711 esse
515 670 532 709 e
550 667 657 707 canone
678 651 753 708 Arati
778 650 868 728 petiti,
887 649 924 709 de
942 670 1000 729 qun
1018 649 1135 708 Achilles
1153 651 1249 709 Tatius
1263 651 1290 710 ed

214 752 292 818 Anat.
313 768 337 805 v.
358 750 431 804 4602
460 740 493 802 ἓν
518 740 553 801 δι’
577 742 621 823 τῷ
647 737 884 823 ἐπιγραφομένῳ
909 735 1006 801 αὐτοῦ
1032 733 1136 800 κανόνι
1162 745 1222 801 τῶν
1238 738 1290 818 arpi

213 833 316 897 αὐτῶν
335 838 523 916 (πλανητῶν)
545 827 726 911 ποιούμενος
752 829 844 916 λόγον
869 826 1002 919 ἁρμονίᾳ
1027 830 1085 894 τινὶ
1104 831 1155 894 καὶ
1175 851 1289 914 συμφο-

214 932 265 1017 νίμ
290 932 425 1012 μουσικῇ
453 924 508 1002 τὰς
527 922 661 1006 κινήσεις
689 923 792 989 αὐτῶν
823 924 901 1008 λέγει
930 923 1092 1008 γεγονέναι.
1138 930 1210 988 Eum
1232 930 1289 988 eoba

213 1047 346 1086 canonem
367 1027 490 1083 versibus
514 1025 646 1101 scriptum
672 1024 757 1083 fnisse
783 1044 840 1084 non
868 1025 949 1084 valde
973 1023 1155 1102 improbabile
1172 1022 1235 1098 dicit
1249 1019 1288 1082 vn

213 1120 343 1180 Summus
361 1117 516 1178 lloecltbius
541 1119 570 1175 in
588 1115 674 1175 lndic.
701 1119 779 1178 lectt.
806 1119 901 1178 Berol.
930 1123 1005 1176 1828
1031 1147 1067 1161 -
1087 1119 1155 1192 29.,
1188 1131 1286 1191 euinque

148 1229 151 1236 ’
212 1224 321 1292 partem
339 1212 423 1270 inisse
442 1214 501 1270 eius
520 1212 612 1289 operis
631 1211 736 1283 Aratei,
755 1212 831 1290 quod
858 1221 963 1286 restat,
989 1228 1022 1269 ea
1041 1221 1160 1289 propter
1184 1197 1297 1287 dapum

213 1316 292 1364 verat
310 1307 465 1363 Granertus
485 1326 510 1363 r.
528 1305 559 1363 d.
579 1304 606 1362 in
625 1304 700 1363 Mus.
719 1305 849 1365 Rhenan.
869 1312 898 1380 l,
916 1326 945 1384 p.
966 1308 1044 1379 342,
1058 1305 1130 1382 quia
1149 1298 1285 1362 Germanici

213 1418 326 1477 qaoque
343 1399 419 1456 tlrati
437 1398 594 1476 interpretis
618 1398 676 1457 duo
701 1398 859 1476 fragmenta
884 1408 990 1457 restant
1008 1397 1045 1455 de
1063 1393 1193 1474 planetis.
1229 1395 1284 1450 Har·

213 1504 293 1552 tenus
320 1491 355 1549 de
381 1493 429 1565 iis,
462 1508 535 1568 qnae
562 1510 579 1549 e
605 1493 723 1552 Graecis
748 1494 839 1553 Varro
864 1504 914 1551 aut
945 1492 1101 1563 transtulit,
1134 1498 1182 1546 aut
1212 1493 1284 1565 potest

213 1588 392 1664 transtulisse.
438 1586 544 1642 Horum
570 1587 708 1663 exemplo
724 1596 754 1645 et
777 1595 894 1665 propter
919 1589 1008 1663 ipsam
1033 1583 1190 1643 Lettrudine
1211 1577 1283 1637 imru·

211 1683 335 1761 ptionern
356 1678 499 1756 probabile
517 1688 561 1735 est
579 1679 673 1754 elegos
691 1698 824 1757 quoque,
851 1700 921 1758 quos
948 1689 1011 1757 post
1037 1676 1218 1753 Argonautica
1233 1669 1282 1728 scri·

210 1775 276 1856 psit,
295 1774 331 1831 ad
350 1771 598 1831 Alexandrinorum
617 1773 742 1848 illorum,
768 1773 816 1851 qui
844 1772 952 1847 Lyden,
975 1771 1124 1843 Bittidrnt,
1150 1770 1280 1833 Lennium

210 1870 430 1938 celebraverant,
450 1866 575 1923 excultos
593 1865 688 1924 fuisse.

287 1961 481 2035 Elegiarorum
499 1968 565 2037 post
588 1958 783 2018 hlirnnerrnum
811 1978 979 2039 quamquam
1006 1953 1059 2014 hoc
1083 1955 1221 2034 proprium
1235 1949 1279 2015 luit,

211 2064 282 2130 teste
301 2054 416 2111 lloratio
436 2061 489 2109 art.
507 2062 583 2130 poet.
604 2055 662 2123 76,
682 2056 739 2110 noti
764 2057 926 2112 neutralium
951 2058 1100 2128 cortpolrar
1121 2066 1224 2115 canere,
1239 2061 1297 2100 noni

209 2150 417 2230 prtrrimoninnr,
437 2155 527 2202 tamen
547 2144 668 2201 Licinius
693 2146 796 2204 Calvus
814 2148 842 2204 in
863 2147 964 2224 elegis,
989 2143 1140 2203 admodum
1160 2139 1279 2208 nobhbm

210 2240 370 2306 siaonia.
395 2241 490 2295 Amor.
511 2242 541 2312 3,
561 2241 592 2310 9,
612 2241 660 2296 62.
691 2236 775 2315 Prop.
796 2243 828 2313 3,
847 2243 896 2313 30,
915 2243 982 2313 89.,
1008 2239 1107 2315 quibus
1135 2245 1236 2315 questus
1249 2239 1278 2287 etl

210 2339 325 2419 μιὶιιιιι
341 2332 444 2408 sunau
465 2330 642 2406 Qiriartiliur,
661 2333 785 2410 quamvis
806 2352 858 2391 nec
877 2334 988 2392 Graeco
1006 2332 1082 2390 istius
1101 2328 1177 2388 modi
1194 2324 1279 2386 nomba

210 2440 362 2506 assumpto,
382 2428 421 2485 uti
442 2427 548 2487 Varro
554 2437 582 2484 et
601 2427 768 2504 posteriores
793 2425 854 2484 sere
879 2427 1024 2499 fecerunt,
1052 2423 1233 2501 Antimachum
1247 2434 1278 2475 ιι·

210 2535 290 2583 cutus
318 2522 440 2591 ridetur,
466 2521 503 2579 de
530 2540 602 2598 quo
598 2519 749 2578 *Plutarch
777 2520 883 2578 consol.
901 2519 938 2577 ad
965 2521 1094 2593 Apollon.
1120 2537 1151 2626 p.
1170 2506 1296 2576 idhlh

210 2608 364 2691 ἐχρήσατο
394 2612 428 2672 δὲ
455 2635 494 2725 sp
520 2634 649 2692 τοιαυτῃ
685 2606 791 2693 ἀγωγῇ
822 2608 873 2670 καὶ
897 2602 1131 2688 Ἀντίμαχοςι
1114 2631 1132 2669 ο
1161 2590 1296 2684 ποιηιὴς·

210 2701 434 2785 ἀνιοθιινοίσης
452 2702 511 2784 γὰρ
540 2708 595 2785 τῆς
619 2699 765 2785 μιιναικός
789 2698 886 2763 αὐτοῦ
908 2699 1033 2782 Λύδης,
1059 2697 1177 2782 apris*
1158 2725 1194 2782 ην
1210 2698 1277 2780 ‹prin-

210 2798 329 2879 ςόρμις
356 2791 435 2876 εἶχε,
462 2794 664 2874 παραμύθιον
690 2800 745 2876 τῆς
771 2790 869 2875 λύπης
897 2790 984 2880 αὐτῷ
1013 2795 1137 2876 ιἰιοιήσε
1160 2818 1211 2875 νην
1230 2784 1276 2852 lil-

208 2917 294 2978 parur
319 2890 375 2970 τὴν
399 2889 535 2969 καλου
509 2913 588 2969 ιεινν
614 2886 731 2970 Λύδην
764 2884 1052 2969 ἐξαριθμησάμενος
1085 2886 1144 2963 τὰς
1172 2876 1277 2969 ἡρωικὰς

210 2982 392 3068 συμφοράς,
423 2992 489 3057 τοῖς
513 2933 689 3064 ‹iiiorprorc
715 2989 819 3055 κακοῖς
848 2979 966 3049 ἐλάττω
991 2982 1047 3064 τὴν
1073 2978 1184 3046 ἑαυτοῦ
1207 2977 1277 3039 norb

206 3079 320 3162 λοιιιιν
366 3084 411 3142 De
436 3102 532 3161 pressa
558 3083 787 3159 interpretatione
812 3081 988 3158 cogitandum
1020 3098 1081 3139 esse
1105 3099 1163 3137 uon
1188 3077 1276 3135 ridetur

192 3196 193 3201 ’
209 3178 358 3243 Hernicum
376 3196 487 3236 carmen
507 3194 620 3255 quoque
639 3178 669 3234 lo
688 3176 848 3251 inscriptum
867 3177 924 3234 sive
949 3178 1011 3254 ipse
1035 3172 1225 3251 composuerit,
1238 3167 1295 3241 dtu,

207 3275 329 3355 inritatus
348 3274 393 3345 sit,
411 3272 469 3329 sire
487 3270 663 3348 expresserit,
688 3287 746 3326 non
771 3267 880 3343 dubito,
905 3270 971 3347 quin
999 3269 1057 3326 eius
1082 3269 1192 3345 generis
1207 3261 1278 3329 furat

208 3365 286 3445 quod
303 3367 339 3423 ab
358 3362 549 3423 Alexandrinis
568 3366 774 3441 frequentatum
801 3381 887 3442 snpra
905 3382 935 3441 p.
955 3364 1022 3420 346.
1041 3361 1169 3424 axinus.
1210 3359 1278 3432 nque

205 3458 245 3524 ad
265 3457 318 3515 hoc
335 3474 422 3532 genus
447 3456 531 3514 etiam
558 3457 765 3536 epithalamium
791 3457 850 3514 eius
869 3476 887 3515 a
903 3456 1054 3514 .Prisciano
1078 3456 1191 3514 citatum
1212 3448 1276 3530 ptri·

205 3554 278 3633 ‚nuit
323 3550 421 3627 Longe
446 3548 491 3609 hic
516 3550 680 3610 discedimus
706 3568 724 3608 a
748 3549 787 3609 D.
811 3551 847 3609 V.
875 3549 1034 3611 Weicherto
1058 3549 1134 3608 Reli,
1159 3555 1277 3628 poenum

205 3648 325 3724 p.123.
1293 3656 1294 3671 ν

286 3738 335 3794 Ηίι
353 3736 412 3795 sere
432 3738 530 3812 tribus,
554 3738 588 3796 Ρ.
607 3739 678 3796 Ter.
697 3739 824 3796 Varrone
832 3779 846 3807 ,a
868 3738 907 3808 Q.
926 3737 1020 3795 Valer.
1041 3735 1171 3809 Catullo,
1197 3732 1227 3805 Q·
1242 3694 1294 3784 ῑῑ·ἱ

208 3833 280 3891 ιίοἰο
293 3831 379 3889 Calvo
400 3850 488 3889 norae
506 3833 573 3890 artis
591 3832 669 3889 initia
687 3833 795 3891 stetisse
815 3831 952 3905 ridentur,
971 3831 1018 3908 qui
1038 3829 1136 3887 eodem
1155 3829 1211 3886 lere
1225 3822 1277 3881 len

208 3945 279 4007 pore
298 3925 364 3991 clari
382 3934 412 3982 et
432 3925 531 4002 partim
559 3927 658 3984 veteris
677 3927 706 3983 in
725 3926 835 4003 poetica
860 3924 973 3984 radonis
1000 3934 1111 3982 tenaces
1130 3921 1278 3981 Graeouo

209 4030 356 4081 accuratae
373 4018 530 4078 imitationis
554 4028 638 4097 atque
656 4018 686 4076 in
705 4018 759 4077 hac
785 4021 952 4097 praecipue,
979 4038 1043 4075 narn
1068 4016 1105 4075 de
1131 4014 1215 4093 lyricis
1238 4008 1277 4066 Ca·

210 4112 270 4172 tolli
289 4122 318 4171 et
337 4112 416 4174 Calvi
436 4113 570 4194 huiusque
590 4113 782 4191 Hipponacteo
801 4114 950 4190 praeconio
978 4129 1113 4189 quaerere
1140 4127 1193 4168 nou
1210 4111 1277 4165 rarus
