2650 4700
221 228 298 303 215
383 174 387 187 ’
592 215 627 277 r.
648 166 955 291 oumnnusonrs

199 401 1279 585 ''³³“ttt01'tbt’lttttttlttztt‘tdtffl‘m‘

229 609 391 690 Palladis
416 609 584 708 exemplo
608 607 656 685 de
681 632 738 686 ure
763 611 842 685 siue
866 613 979 684 matre
1003 616 1129 686 creata

280 713 450 791 Carmina
473 720 575 786 sunta
599 718 710 812 stirps
733 710 827 788 baec
851 712 1114 811 progeniesque
1131 735 1222 788 mea
1238 716 1303 788 cst.

182 825 217 888 1⁵
233 801 339 895 Haud
361 814 424 889 tibi
449 811 676 906 commendo3
701 828 793 912 quae
818 837 888 912 qun
912 816 1027 912 magis
1046 816 1136 891 orba
1159 839 1279 917 paren

279 918 363 993 Hoc
387 915 451 991 tibi
474 919 582 992 tutori
606 918 750 992 sarcina
773 918 885 992 maior
909 919 988 992 erit.

232 1020 330 1096 Tres
353 1016 436 1092 mihi
461 1025 546 1094 suut
569 1021 644 1093 nati
670 1020 838 1116 conmgia
864 1026 988 1093 nnsba
1011 1018 1145 1094 seculi:

280 1121 441 1200 Caetera
463 1119 534 1211 fac,
560 1145 672 1197 curae
695 1124 743 1196 sit
766 1120 831 1196 tibi
854 1120 959 1196 turba
979 1117 1106 1220 palam.

231 1223 329 1303 Sunt
352 1245 494 1321 quoque
516 1232 672 1298 mutatae
697 1231 753 1300 ter
778 1226 931 1321 quinque
947 1221 1136 1301 ¹volumina
1157 1222 1303 1317 formae,

178 1341 216 1400 20
280 1324 449 1404 Carmina
473 1323 521 1401 de
546 1326 677 1400 domini
700 1326 826 1401 funere
851 1332 954 1426 rapta
978 1324 1046 1405 sui·
1230 1306 1235 1327 ’

183 1494 185 1497 ,
230 1426 326 1504 Illud
352 1450 444 1528 opus
468 1429 595 1528 potuit,
619 1432 652 1502 si
677 1452 750 1504 non
775 1430 874 1527 prius
898 1431 978 1527 ipse
1000 1427 1193 1527 perissem,
1250 1504 1255 1515 ,

280 1528 426 1609 Certius
450 1553 474 1605 a
498 1555 633 1606 summa
657 1554 786 1607 nomen
811 1529 945 1604 babere
969 1552 1085 1605 manu.

230 1630 342 1711 Nunc
365 1633 603 1710 incorrectum
627 1633 750 1734 populi
771 1634 940 1734 pervenit
963 1633 1002 1705 iu
1023 1653 1110 1706 urar
1162 1651 1167 1668 ¹
1310 1698 1311 1733 ,

102 1804 108 1816 κ
282 1734 326 1810 Iu
349 1735 472 1837 populi
496 1734 684 1834 quidquam
708 1737 741 1809 si
766 1749 884 1810 tameo
909 1756 974 1811 ore
995 1749 1109 1815 meum
1133 1737 1208 1807 est.
1310 1736 1311 1817 ζ

173 1846 219 1906 ‘cs
235 1836 318 1913 Hoc
343 1860 485 1936 quoque
509 1842 635 1917 nescio
658 1837 748 1937 quid*
765 1840 899 1913 nornis
925 1859 1068 1935 appone
1090 1833 1263 1929 libaida·
1310 1844 1311 1915 i

284 1941 446 2016 Diverso
470 1942 614 2017 missum
640 1940 736 2039 quod
759 1941 822 2017 tibi
850 1939 895 2015 ab
921 1939 1010 2014 orbe
1034 1939 1145 2013 veuit.

234 2039 702 2142 Quodqquicunqueleget,
726 2043 759 2116 si
783 2043 862 2141 quis
886 2040 1000 2137 leget,
1023 2040 1192 2115 aestimet
1216 2040 1299 2128 aule,

286 2141 531 2244 Compositum
557 2169 627 2242 quo
652 2149 701 2219 sit
726 2150 897 2244 tempore,
919 2165 1060 2241 quoque
1085 2141 1182 2217 loeo.

234 2243 388 2342 Aequus
412 2248 481 2319 erit
503 2248 659 2345 seriptis,
685 2270 831 2345 quorum
856 2246 1073 2344 cognoverit
1097 2266 1185 2320 esse

184 2353 222 2415 ³⁰
286 2345 464 2424 Exsilium
487 2357 638 2451 tempus,
663 2348 929 2446 barbariemque
953 2346 1083 2425 locum.

232 2449 346 2551 Inque
369 2457 425 2527 tot
448 2449 617 2533 adversis
641 2474 786 2530 carmen
809 2451 990 2530 mirabitur
1013 2448 1123 2525 ullum

665 2609 713 2663 ll.
750 2611 899 2663 extreman

214 2725 300 2790 eut.
311 2724 469 2786 Jon‘Leid.
486 2745 531 2806 pr.
549 2746 606 2785 nou
625 2728 719 2786 illicita
737 2727 917 2787 consonantia
935 2723 1177 2787 hemistichiorum.
1217 2661 1312 2798 wahl

233 2805 296 2882 poli
314 2820 376 2861 exc.
395 2802 476 2876 Voss.
496 2822 532 2861 ex
550 2805 642 2881 glossa
660 2805 843 2863 usitatissima.
1298 2819 1312 2890 ‚l

315 2884 364 2940 ll.
404 2896 586 2938 exuamus.
625 2888 765 2939 munnae
790 2900 807 2940 e
833 2899 863 2938 se
884 2878 1031 2938 retuderim
1055 2874 1186 2953 scriptis,
1211 2866 1256 2929 vul

239 2955 308 3028 bns,
339 2963 473 3032 quantum
498 2956 616 3029 seimus,
644 2958 795 3031 omuibus‚¹
821 2958 876 3014 nisr·
897 2956 994 3014 Guelf.
1023 2953 1157 3012 accedere
1183 2948 1308 3006 audacto

108 3053 111 3060 ‘
238 3032 367 3092 Heinsius
395 3042 550 3110 receperat.
594 3033 716 3109 Vulgata
739 3036 806 3091 satis
834 3044 894 3091 tnta
921 3043 965 3090 est
991 3040 1020 3090 et
1039 3049 1056 3087 a
1074 3028 1225 3102 sententia,
1252 3031 1278 3079 ct

145 3133 147 3138 κ
239 3128 292 3166 usu
310 3103 454 3185 loquendi.
493 3111 636 3167 Erremus
652 3129 719 3169 oros
737 3109 823 3169 babes
842 3108 918 3189 apud
937 3108 1069 3168 Ouidium
1086 3103 1312 3180 Met.9‚19.0l

239 3183 675 3261 uisirniserelallor‚13,40ti.
1209 3177 1213 3188 '
1310 3241 1312 3248 ,

319 3263 365 3317 14.
405 3277 476 3318 mua
496 3279 565 3319 rsr.
604 3268 646 3319 cst
664 3278 700 3318 ex
719 3260 877 3319 melioribus
903 3268 1011 3317 tanturn
1035 3254 1168 3315 Francof.
1191 3245 1312 3312 Guelferl

240 3334 327 3394 Bere.
353 3334 503 3406 addebant,
529 3347 588 3396 turn
614 3337 746 3395 tredecim
771 3338 908 3413 vulgares.
944 3337 1137 3412 prouinciasque
1162 3335 1217 3388 nuci
1235 3327 1312 3388 trad

151 3439 152 3442 ¹
243 3420 311 3471 retr.
331 3411 396 3470 edd.
425 3421 538 3489 praeter
555 3413 667 3471 Bonon.
696 3425 828 3471 consueta
854 3414 969 3471 librariis
992 3421 1148 3482 structura,
1176 3415 1312 3484 quarens!

192 3545 199 3553 ,
243 3487 339 3545 debuit
357 3488 486 3545 Heinsius
505 3499 629 3546 tentare:
656 3488 734 3551 milri.
771 3489 852 3547 Vers.
872 3506 932 3564 seq.
969 3494 1011 3544 cst
1030 3504 1127 3543 omnes
1152 3485 1217 3542 libri
1236 3477 1312 3540 adon

242 3573 356 3642 praeter
374 3565 499 3641 quinque
518 3565 621 3622 Heinsii
641 3584 697 3621 non
718 3574 809 3638 notos,
835 3575 944 3622 nostros
972 3563 1035 3623 Rel.
1057 3561 1153 3622 Berol.
1192 3561 1269 3620 Vera.
1284 3551 1312 3610 ll

242 3644 308 3697 asar
326 3637 432 3711 fratrer
450 3640 526 3697 Gall.
564 3640 645 3698 Vens.
668 3644 714 3697 18.
752 3644 811 3698 sint
830 3640 880 3698 tibi
897 3640 1006 3697 Riobel.
1091 3645 1093 3650 ’

228 3747 234 3760 ι
319 3719 367 3772 23.
407 3733 652 3776 rucouaucrurt.
697 3720 886 3792 incomptum
913 3716 1004 3773 Palat.
1030 3714 1112 3792 prim.
1155 3699 1312 3791 pervaditl

242 3807 293 3849 cta
310 3790 430 3849 sedecim
448 3791 564 3864 Heinsii,
583 3792 639 3856 duo
658 3794 757 3867 nostri,
775 3793 895 3849 melioris
914 3803 998 3850 uotae
1017 3792 1119 3848 nullus.

320 3867 370 3929 24.
408 3885 506 3924 meum
527 3886 596 3926 aar.
634 3871 690 3926 inei
705 3876 746 3926 eat
764 3868 855 3926 Palat.
870 3869 957 3945 ,prium
984 3869 1083 3925 Guels.
1103 3886 1120 3924 u
1139 3882 1198 3922 sec.
1216 3881 1252 3921 m.
1269 3853 1312 3918 Pu

242 3947 273 3999 et
283 3939 427 3999 duodecim
442 3962 503 4000 cura
519 3954 586 4001 vett.
601 3944 667 4002 cdd.
704 3955 795 4002 raeter
808 3944 921 4004 Bouon.
934 3944 984 4006 rsr.
997 3963 1075 4022 supr.
1085 3949 1116 4015 2,
1129 3946 1178 3999 23.
1199 3931 1312 3998 vead

242 4019 269 4074 ai
288 4022 350 4095 nuria
373 4018 447 4092 ἱεραὶ
466 4010 551 4076 bern.
592 4019 657 4095 legit
675 3962 765 4079 Celet.
782 4039 841 4080 sec.
881 4021 961 4079 Vens.
982 4024 1030 4077 28.
1069 4037 1155 4093 nerone
1181 4017 1239 4077 loro
1255 4012 1312 4070 serr.

243 4088 362 4153 Bar-ber.
381 4094 445 4152 Rel.
466 4104 494 4153 et
513 4096 593 4170 alius,
614 4097 662 4156 ed.
682 4098 792 4155 Bonan.
829 4097 912 4157 Vera.
933 4101 981 4157 30.
1020 4095 1231 4172 barbariamque
1248 4086 1312 4149 l'cltl

243 4179 372 4249 uterque,
391 4170 525 4230 Francos.
545 4181 574 4232 et
592 4172 715 4233 sedecim
727 4173 796 4233 'curu
817 4184 885 4236 rett.
907 4172 971 4234 edd.
992 4182 1106 4251 praeter
1125 4171 1258 4232 Aldinam.
