2650 4700
159 298 161 303 ,
229 152 321 292 114Ι
588 206 623 268 1’.
643 202 780 271 ovtou
799 199 972 267 ursolus
1017 250 1022 259 .

185 417 222 479 1ο
287 395 372 476 Otia
392 391 524 472 iudicio
549 412 693 492 semper
715 396 832 467 amata
855 411 947 466 meo.

234 500 426 600 Temporis
450 496 546 569 illins
569 493 665 569 colui
690 490 837 593 fovique
862 500 1004 593 poetas,
1300 490 1307 563 1

285 603 452 700 Quotqne
479 596 631 673 aderant
652 604 772 686 vates,
796 596 904 691 rebar
928 594 1062 669 adesse
1087 592 1193 672 deos.

236 705 362 804 Saepe
386 725 473 775 suas
498 697 671 776 volueres
696 699 785 796 legit
809 698 891 772 mihi
916 694 1086 795 grandior
1106 721 1223 792 aevo,
1305 710 1307 773 1

229 872 232 882 .
286 807 459 902 Quaeque
485 810 594 877 nocet
618 825 783 902 serpens,
808 824 900 899 qnae
925 803 1027 874 iuvat
1050 797 1176 895 herba,
1195 801 1307 973 ΜΜἻ

184 905 222 984 45
239 907 364 1009 Saepe
389 928 477 981 suos
502 904 629 981 solitus
654 907 808 980 recitare
832 904 1044 1003 Propertius
1067 904 1191 1017 ignesr

283 1011 368 1086 lure
392 1005 560 1082 sodalitio
586 1009 645 1105 qui
670 1006 752 1080 mihi
777 1008 922 1081 innotus
948 1010 1037 1079 erat.

35 1204 39 1213 ι
71 1120 90 1159 '‘
232 1112 413 1189 Ponticus
429 1108 553 1199 heroo,
579 1109 719 1182 Bassus
744 1130 885 1206 quoque
911 1105 1031 1181 clarus
1055 1105 1185 1183 iambis
1305 1100 1307 1169 1

286 1212 418 1289 Dulcia
441 1214 632 1287 convietus
657 1211 812 1286 membra
836 1210 939 1285 fuere
965 1207 1045 1282 mei.

233 1317 285 1392 Et
308 1317 422 1391 tenuit
446 1321 591 1413 nostras
617 1336 828 1389 numerosus
852 1313 1023 1388 Horatius
1048 1332 1172 1405 aures,

51 1431 62 1467 r
184 1430 221 1489 10
287 1419 379 1497 Dum
403 1414 486 1490 ferit
510 1415 677 1490 Ausonia
701 1413 980 1493 earmina'oulta
1003 1410 1096 1510 lyra.

36 1531 38 1538 '
184 1552 187 1559 ·
235 1518 426 1619 Virgilium
449 1517 526 1596 ridi
550 1526 702 1608 tantum3
727 1542 798 1594 ueo
823 1541 943 1592 amara
965 1513 1111 1591 Tibullo
1167 1593 1194 1632 .

286 1623 447 1721 Tempus
471 1623 647 1698 amicitiae
672 1622 749 1696 fata
774 1620 909 1695 dedere
934 1639 1047 1693 meae.

234 1719 442 1803 Successor
465 1723 532 1798 fuit
554 1722 614 1833 liin
638 1724 717 1817 tibi,
739 1722 866 1813 Galle3
884 1719 1102 1821 Propertius
1129 1713 1207 1807 illi3

388 1986 390 1989 Ι
485 1908 537 1966 44.
574 1915 656 1965 necet
674 1935 714 1952 ···
732 1907 839 1969 iuret,
894 1909 942 1968 47.
970 1903 1082 1964 iambo.
1162 1938 1166 1951 ι

310 2066 361 2125 44.
408 2060 557 2142 puerpura
588 2083 692 2123 uocas
720 2083 903 2124 -1u-rar.
957 2066 1063 2140 Qttiprto
1093 2058 1194 2119 Gueli’.
1237 2068 1307 2116 sm

234 2162 309 2220 serp.
328 2142 419 2199 Palat.
440 2162 497 2200 sec.
518 2155 547 2201 et
566 2144 699 2219 quinque.
738 2150 813 2200 meoet
831 2142 927 2200 Guelf.
947 2140 1077 2214 Politiani
1095 2146 1218 2214 uterque
1234 2142 1261 2193 et

235 2239 263 2277 r.
291 2237 346 2279 scr.
374 2219 508 2276 Francos.
534 2238 597 2276 cunr
623 2217 736 2276 Piroirlr.
778 2219 880 2288 Quisve
897 2224 971 2276 meoet
989 2225 1017 2274 et
1035 2235 1089 2295 pro
1103 2234 1140 2271 s.
1160 2231 1237 2271 seme
1277 2280 1284 2299 ι

207 2357 210 2363 ,
233 2302 332 2355 uouoot
348 2292 451 2353 Monet.
489 2297 562 2353 iuuet
582 2294 668 2353 Goth.
688 2295 763 2370 Reg.
782 2296 846 2355 Put.
867 2296 943 2356 Gall.
959 2293 1032 2354 Mor.
1044 2292 1125 2356 serv.
1137 2289 1234 2349 Votie-

235 2369 335 2430 Guels.
362 2370 496 2430 Francos.
524 2390 623 2430 norem
648 2367 752 2429 Heinsii
771 2381 801 2430 et
820 2370 885 2433 edd.
911 2371 974 2433 Ald.
998 2371 1082 2448 prim.
1100 2377 1130 2427 et
1148 2365 1256 2428 Bonon-
1284 2358 1306 2424 lt

186 2465 190 2475 ·
235 2448 460 2526 utroqueverbo
480 2448 566 2523 rides,
585 2448 653 2527 quid
672 2447 815 2507 Palatinus
835 2457 864 2505 et
882 2456 926 2506 tot
949 2448 995 2505 alii
1018 2447 1081 2505 libri
1104 2443 1252 2503 suadeatis
1272 2451 1306 2497 ss

235 2543 299 2583 oure
317 2534 346 2582 et
371 2528 468 2583 iuuare
494 2526 541 2582 rix
565 2535 641 2583 recte
664 2526 890 2603 reciprocantur3
914 2524 1108 2596 indicativum,
1132 2519 1171 2579 de
1196 2535 1251 2600 qno

234 2600 335 2660 Loera.
354 2601 392 2658 ad
411 2603 479 2659 Her.
501 2606 549 2673 10,
567 2604 629 2676 86,
650 2601 755 2660 referes
775 2601 812 2659 ad
832 2601 1087 2678 interpretationem
1112 2597 1208 2674 operis

236 2676 309 2751 drei,
328 2678 404 2733 cuius
423 2679 549 2755 quintum
567 2679 668 2735 librum
693 2678 790 2736 laudat
814 2677 956 2736 Charisius
975 2696 1006 2756 p.
1023 2679 1071 2734 61.
1096 2673 1215 2736 Putselr.
1248 2667 1274 2732 V

236 2752 286 2809 45.
324 2753 424 2811 solitum
441 2771 559 2811 uomere
576 2757 662 2829 Prnp.
683 2754 771 2812 Goth.

314 2829 364 2886 46.
403 2845 589 2888 consumo.
628 2831 676 2889 Sic
702 2830 791 2890 Gothi
808 2838 839 2887 et
856 2828 914 2887 dno
941 2827 1046 2886 Heinsii
1074 2845 1137 2886 oum
1163 2823 1263 2882 Aldina

237 2900 339 2965 cunda.
375 2904 488 2982 Reliqui
508 2915 537 2962 et
553 2906 640 2966 Goth.
667 2926 719 2984 pro
747 2926 775 2966 v.
797 2925 868 2964 scra
892 2905 1026 2965 sodalitii.
1069 2922 1123 2980 quo
1145 2901 1219 2960 milti
1243 2895 1295 2958 Vo'

237 2980 320 3058 prim.
331 2981 434 3039 Palat.
453 2982 604 3042 see.Polit.
624 3002 681 3041 sec.
696 2981 793 3060 Guelf.
813 2983 893 3040 Serv.
911 2982 969 3039 dun
987 2978 1046 3055 alii,
1065 2981 1137 3057 Reg.
1156 2996 1214 3055 pro
1233 2995 1258 3036 r.

312 3059 361 3113 47.
399 3072 714 3119 sessus-rumare.
756 3058 881 3116 Bocchus
898 3058 989 3117 Palat.
1008 3057 1093 3136 prim.
1133 3058 1229 3114 Boius

236 3136 342 3190 Battus
367 3133 456 3192 Goth.
483 3145 567 3212 atque
591 3137 714 3194 similiter
744 3136 870 3213 plurimi:
903 3135 995 3191 nullus
1024 3135 1095 3192 liber
1125 3131 1173 3188 rel
1200 3141 1246 3188 tan

134 3266 138 3280 p
236 3211 406 3289 scripturaer
434 3214 544 3269 Bessus
561 3214 766 3288 patrocinatur,⁴
780 3230 864 3287 quam
883 3207 1021 3287 Propertii
1050 3210 1194 3268 editorum
1274 3277 1282 3292 .

235 3295 295 3341 tate
313 3303 465 3343 servamus.
493 3289 643 3363 ignorabat
660 3287 873 3358 illudOsapnus
892 3288 929 3345 V.
948 3288 985 3347 D.
1003 3284 1117 3344 eumad
1135 3284 1171 3341 L.
1260 3280 1275 3354 ⁸,

235 3359 420 3423 Minutianum
447 3364 593 3440 Apuleium
612 3384 642 3443 p.
670 3367 720 3422 66.
745 3366 899 3442 scripturae
926 3367 1030 3421 Battus
1055 3378 1167 3420 causam
1195 3365 1284 3437 ageret

236 3436 410 3494 Weichertus
430 3436 470 3496 V.
496 3439 532 3496 D.
559 3441 596 3498 de
624 3439 713 3499 Vario
741 3452 825 3518 poeta
846 3460 876 3517 p.
903 3443 969 3498 139.
1006 3437 1099 3497 iambo
1123 3437 1250 3513 quinque
1271 3425 1295 3520 s·

235 3512 352 3585 Heinsii,
372 3513 460 3570 Goth.
481 3516 509 3570 in
529 3535 583 3574 ras.
604 3535 686 3596 apr.
705 3535 744 3574 m.
764 3528 793 3574 et
807 3515 903 3582 Guets.
923 3534 941 3573 a
960 3535 1018 3574 sec.
1038 3535 1076 3572 m.
1113 3513 1159 3570 De
1179 3512 1261 3570 heroo

235 3585 369 3657 Quinctil.
390 3588 461 3647 lost.
481 3594 511 3663 9,
530 3596 560 3665 4,
581 3596 630 3650 88.
669 3593 812 3666 Numeros,
828 3593 912 3649 etiam
930 3591 1048 3650 Ovidius
1068 3591 1177 3647 variare
1196 3583 1274 3646 solm-

310 3666 360 3722 49.
391 3684 440 3726 ,nr
466 3685 600 3725 nauum.
639 3673 765 3735 Detiuuit
792 3670 872 3727 Serv.
900 3677 928 3725 et
952 3678 1073 3744 quatuor
1097 3665 1226 3738 Heinsii‚
1247 3658 1283 3742 p'

239 3741 298 3798 eins
323 3750 353 3799 et
378 3750 447 3799 vett.
475 3739 539 3801 edd.
565 3754 688 3803 nostrae.
733 3746 816 3806 Vers.
843 3748 892 3801 50.
938 3749 1015 3802 Duum
1040 3742 1104 3801 nolit
1127 3739 1233 3816 Rern..
1260 3807 1264 3818 ¹

234 3815 365 3875 Francos.
386 3834 439 3894 pro
458 3837 485 3874 v.
504 3838 557 3877 scr.
596 3822 692 3882 Aonio
709 3820 820 3880 Pirclrlr.
839 3828 896 3877 tres
915 3821 962 3877 alii
979 3829 1010 3878 et
1028 3819 1074 3876 ed.
1092 3819 1209 3876 Bonon.

311 3892 360 3950 51.
399 3911 530 3952 smnus.
571 3899 613 3955 lta
632 3898 722 3955 Palat.
741 3899 822 3975 prim.
843 3895 931 3955 Goth.
952 3898 1025 3972 Reg.
1051 3894 1127 3952 Gall.
1152 3894 1232 3951 Mor.
1256 3889 1278 3949 B
1299 3967 1300 3970 Ἴ

233 3966 345 4025 Pirclrlr.
364 3968 445 4026 Leid.
467 3990 511 4046 pr.
531 3973 626 4048 Berot.
646 3975 770 4052 quinque
797 3973 860 4045 alii,
885 3972 1020 4030 Francos.
1045 3990 1098 4049 pro
1117 3988 1143 4026 v.
1165 3988 1224 4028 scr.
1243 3976 1270 4026 et

103 4084 106 4091 .
232 4043 343 4102 Boron.
381 4045 443 4103 Reli
466 4048 510 4105 nir
537 4068 637 4108 nonro-
676 4050 762 4111 Vero.
789 4049 838 4105 53.
878 4052 1061 4132 Suooosorque
1086 4045 1144 4118 {rut
1170 4045 1224 4104 titt

232 4117 316 4180 Vera.
343 4119 394 4179 54.
442 4067 568 4194 {aanor
599 4125 650 4208 ⁸¹⁸l'
684 4130 754 4187 aerio
782 4125 873 4187 Palat.
899 4125 982 4203 prim.
1029 4122 1064 4182 ol
1088 4121 1143 4184 tao
1176 4123 1249 4182 sats
