2650 4700
224 189 301 268 392
676 181 887 292 PROLUsrot

347 371 458 442 Occidis
475 377 541 432 ants
557 389 665 451 passm
684 385 851 449 rostrumque
861 389 927 449 ego,
948 372 1088 448 Maxima,
1101 377 1216 451 ιιιαιλλσ,

316 523 321 536 ,
383 469 443 525 Nec
461 464 571 540 fueram
589 469 672 536 tanti,
690 483 740 548 nro·
751 482 814 523 reor
831 484 890 522 ease
909 472 982 523 tuae.

225 565 319 624 Causa
337 561 433 621 mortis
451 560 479 616 in
504 558 593 616 Fabio
617 556 739 615 Maximo
759 568 788 615 et
807 560 886 615 nobis
911 558 1013 616 tradita
1038 570 1082 618 est
1101 579 1118 618 a
1134 562 1235 621 Tacito
1252 566 1302 622 Anu

225 663 255 733 1,
274 658 323 730 b.,
341 652 493 712 Plutarcho
513 646 580 728 napi
609 641 793 724 ἀδολεσχίας
812 670 841 728 p.
861 652 949 723 508.,
977 663 1006 710 et
1026 652 1126 711 Ouidio
1155 656 1245 732 ignota
1262 676 1302 716 esa

225 750 337 809 minime
355 740 459 825 potuit,
478 745 555 804 cuius
576 762 648 802 uxor
667 743 703 801 de
722 744 847 802 Fabiana
868 745 952 802 domo
978 746 1047 821 suit,
1074 746 1130 805 rid.
1148 746 1230 810 Pont.
1249 757 1302 821 λλ

225 848 293 907 138.
330 838 393 897 Iam
413 856 491 912 vero,
512 847 645 916 quantum
668 835 789 895 humana
808 829 881 896 ratio
898 840 982 914 valet,
1001 841 1115 917 intelligi
1133 845 1236 920 nequit,
1252 863 1302 921 quo

223 935 308 996 ruodo
327 932 431 992 Fabius
456 932 611 1005 Maximus,
639 931 687 1006 qui
711 931 852 1009 Agrippae
877 931 1012 989 Postumo
1039 933 1110 991 bene
1135 937 1302 1013 cupiebatis

167 1053 169 1056 ’
222 1031 337 1106 lumque
355 1028 383 1084 in
403 1025 520 1101 gratiam
548 1023 664 1099 Augusti
688 1023 853 1082 reducturus
879 1035 958 1099 erat,
984 1024 1034 1083 sed
1059 1026 1193 1086 incautius
1216 1029 1302 1106 agendo

222 1123 317 1203 periit,
337 1118 429 1179 Ovidii
447 1134 532 1175 causa
549 1117 683 1194 perierit,
710 1118 761 1175 nisi
782 1117 820 1175 illi
839 1136 952 1196 quoque
977 1118 1074 1177 eadem
1100 1139 1188 1198 opera
1213 1123 1302 1181 consul-

222 1226 284 1274 tum
303 1213 449 1284 soluisset3
477 1210 521 1268 vel
540 1208 680 1286 quomodo
699 1227 809 1288 preces,
835 1229 905 1288 quas
930 1209 1053 1270 facturus
1078 1213 1215 1274 Maximus
1235 1216 1300 1274 luisse

222 1309 334 1382 dicitur,
355 1324 373 1364 a
390 1302 613 1364 reconciliatione
631 1303 757 1370 Postumi
775 1316 926 1382 suspensae
944 1303 1068 1379 fuerint,
1093 1307 1146 1365 nisi
1171 1310 1299 1387 utriusque,

222 1401 349 1462 Postumi
375 1407 405 1457 et
423 1396 554 1465 Nasonis,
579 1405 609 1454 et
634 1396 788 1473 relegatio,
813 1409 842 1458 et
866 1397 973 1456 offensa
1000 1398 1198 1480 qualiscunque
1227 1404 1298 1480 aliquo

221 1494 306 1553 ruodo
326 1492 473 1552 coniuncta
491 1490 598 1548 suisset.
637 1490 717 1547 Haec
743 1492 929 1551 meoiudicio
955 1493 995 1550 ita
1019 1490 1146 1553 disseruit
1164 1496 1296 1570 thlrnfin,

180 1615 183 1619 ⁴
221 1598 255 1646 nt
272 1587 437 1646 luculentius
454 1585 514 1643 fieri
541 1603 597 1643 non
616 1584 761 1663 potuisset.
801 1585 872 1643 iilud
892 1587 992 1654 omisit,
1012 1602 1030 1642 a
1049 1588 1210 1663 garrulitate
1231 1607 1296 1648 ucu-

220 1680 277 1740 rari
292 1682 423 1755 Fabium,
448 1679 470 1736 si
491 1697 554 1736 coru
582 1696 670 1736 uxore
691 1676 739 1735 de'
752 1675 842 1735 affinis
861 1678 914 1747 sui,
940 1696 1024 1755 quem
1049 1681 1096 1737 illa
1124 1684 1200 1758 parri
1220 1682 1295 1739 seria

220 1791 278 1834 non
296 1772 403 1847 debuit,
423 1771 479 1830 rid.
497 1772 580 1830 Pont.
602 1777 629 1841 l,
649 1778 679 1844 2,
703 1774 768 1829 140.
788 1775 818 1847 3,
841 1778 870 1845 l,
891 1775 939 1833 78.
960 1772 1037 1830 nass.
1058 1775 1085 1843 6,
1105 1778 1174 1832 802.
1192 1794 1237 1852 sq,
1255 1791 1293 1829 re-

153 1935 159 1946 ,
218 1867 362 1926 stitutione
379 1867 522 1924 consilium
548 1865 771 1944 communicarit,
806 1866 950 1933 Quantum
977 1867 1049 1924 enirn
1077 1866 1149 1925 illius
1174 1867 1291 1944 imaginem

208 1947 255 2022 'cx
274 1959 375 2019 ortuo
394 1959 545 2036 informare
563 1958 661 2033 datur,
686 1956 888 2015 inconsiderate
915 1957 1066 2036 quidquam
1092 1967 1185 2037 agerex
1202 1979 1248 2018 uon
1262 1967 1294 2016 est

219 2055 325 2122 solitus.
364 2052 438 2113 Vide
455 2053 580 2131 inprimis
598 2052 780 2110 cunctationis
808 2050 942 2108 urbanam
967 2054 1208 2130 exprobrationem
1229 2050 1291 2108 Pout.

157 2211 159 2216 ,
219 2151 251 2221 ¹2
269 2150 300 2220 9,
318 2146 368 2207 ⁵6·
546 2213 549 2218 .

231 2223 236 2235 ³
295 2239 396 2297 Restat
414 2237 517 2314 adhuc,
535 2247 568 2296 ut
585 2248 715 2316 tempora
732 2245 931 2315 supputentur,
949 2236 1026 2315 qnod
1045 2258 1102 2302 uon
1127 2239 1190 2300 iden
1205 2239 1302 2330 vlitis-l

116 2405 121 2411 μ
206 2331 271 2393 'flur
289 2334 369 2393 nobis
387 2332 487 2412 reliqui
503 2332 582 2408 tecit,
600 2334 667 2410 quia
685 2349 737 2410 per
755 2349 788 2391 re
806 2332 956 2390 certissima
976 2335 1077 2395 omnia.
1118 2336 1192 2405 Quin
1203 2350 1290 2403 annun,

202 2428 277 2505 ,quo
303 2425 453 2486 Postumus
478 2428 568 2504 gratia
600 2426 752 2501 exciderit,
786 2444 868 2483 nemo
904 2426 1050 2487 historicus
1082 2430 1157 2489 clare
1182 2422 1301 2511 indicanti

218 2518 380 2581 Eiiciendus
398 2530 442 2581 est
459 2540 496 2580 ex
513 2520 636 2580 omnium
663 2521 735 2577 inter
762 2536 793 2577 se
807 2521 976 2596 *compositis
1000 2524 1171 2583 testimoniis.
1215 2523 1289 2582 Sueto·

218 2614 292 2690 nius,
310 2616 377 2686 fide,
396 2626 428 2673 ut
446 2616 556 2693 opinor,
567 2606 632 2671 'nou
652 2612 798 2689 indignus,
818 2613 958 2690 Agrippae
983 2620 1107 2692 agnoscit
1133 2618 1240 2695 primun
1254 2614 1300 2689 alr-l

217 2706 384 2767 dicationem
412 2719 441 2768 et
460 2709 569 2768 exilium
588 2705 802 2779 Surrentinum,
828 2704 930 2764 deinde
950 2726 1015 2766 vero
1034 2710 1224 2769 Planasianum
1237 2708 1287 2766 ssu

217 2802 422 2879 confirmatum,
442 2812 472 2863 et
491 2814 639 2878 utrumque
658 2797 753 2876 aliquo
774 2798 904 2874 temporis
922 2800 1067 2859 intervallo
1086 2804 1193 2860 ridetur
1216 2790 1299 2867 distin-l

216 2911 313 2972 gnere.
351 2895 453 2973 Neque
477 2897 558 2953 aliter
581 2894 635 2951 Dio
663 2892 775 2950 Cassius
800 2892 849 2950 lib.
876 2890 925 2963 55,
952 2897 1008 2952 32:
1041 2889 1107 2955 Τὸν
1125 2891 1161 2956 δὲ
1181 2892 1216 2973 dri
1229 2889 1298 2969 Γερὴ

214 2979 354 3061 μανικόν,
374 2981 446 3046 ἀλλ’
469 2982 505 3064 αὖ
525 2982 579 3046 τὸν
597 2979 798 3063 Ἀγρίππαν,
824 2979 873 3041 ἐπὶ
899 2977 953 3042 τὸν
979 2979 1113 3065 πόλεμον
1139 2980 1298 3066 &irreptioni

215 3073 265 3140 dcc
285 3075 498 3160 δουλοπρεπής
522 3099 555 3139 τε
575 3076 688 3148 ἐκεῖνος
705 3065 754 3154 ἦν,
774 3075 825 3136 καὶ
844 3077 992 3148 ansleico
1015 3072 1166 3158 ἦλιεύετο,
1182 3078 1297 3153 ὅθειιιιιι1

215 3173 268 3234 soti
286 3173 471 3236 Ποσειδῶνα
491 3167 602 3232 invasis
622 3165 828 3247 ἐπωνόμαζεν,
848 3175 888 3251 τῇ
910 3191 944 3232 τε
964 3168 1042 3255 ὀργῇ
1062 3180 1208 3254 sponsari
1221 3171 1288 3250 ίχρῆ·

215 3287 263 3342 το,
282 3267 332 3328 καὶ
354 3266 408 3346 τὴν
427 3265 555 3328 Ἰουλίαν
575 3257 618 3335 ὡς
634 3259 791 3342 μητρυιὰν
819 3260 992 3342 διέβαλλεν,
1015 3263 1102 3352 αὐτῷ
1128 3267 1162 3331 δὲ
1182 3272 1222 3352 τῷ
1236 3256 1296 3406 Ad,

217 3355 318 3444 γοῦςῳ
346 3357 495 3432 πολλάκις
518 3352 594 3439 ὑπὲρ
623 3359 685 3416 τῶν
716 3353 871 3441 aesopius
899 3354 1052 3420 ἐπεκάλει·
1088 3361 1139 3423 καὶ
1170 3356 1225 3439 (ori
1244 3354 1286 3439 γὰρ

217 3451 453 3534 ίσωφρονίζετο)
480 3445 685 3532 ἅπεκηρύχθη
712 3447 764 3510 καὶ
784 3445 804 3529 ἥ
825 3471 858 3510 τε
877 3445 967 3511 οὐσία
993 3448 1090 3516 αὐτοῦ
1117 3459 1161 3539 τῷ
1184 3470 1286 3533 ςριιτια·

215 3550 290 3631 ceap]
309 3547 424 3630 ταμείῳ
441 3540 570 3624 'titum
597 3542 647 3605 aui
674 3536 769 3614 αὐτὸς
798 3542 1033 3616 actitarentur
1059 3536 1224 3629 irradiatui
1250 3545 1286 3605 llit

217 3646 342 3722 quamvis
361 3646 459 3704 eodem
479 3662 554 3701 anno
572 3642 610 3700 U.
631 3658 656 3696 c.
677 3641 736 3695 760
755 3649 906 3719 utrumque
930 3637 1002 3700 illud
1021 3642 1126 3704 factum
1151 3654 1243 3712 narret,
1258 3652 1285 3698 ta

221 3756 286 3796 rnen
306 3749 355 3796 aut
373 3739 573 3799 abdicationem
593 3751 667 3791 anno
686 3731 745 3790 759
770 3733 873 3792 iactam
892 3735 1052 3813 repetiisse,
1077 3739 1154 3818 quod
1172 3732 1285 3797 Dodrellr

219 3832 321 3889 Anual.
340 3831 441 3891 Vellei.
461 3837 490 3905 λ.
510 3833 539 3886 4.
558 3828 663 3908 placet,
682 3835 731 3883 aur
751 3828 862 3885 exilium
880 3827 1076 3888 Planasiauum
1099 3850 1172 3905 anno
1190 3835 1238 3891 761
1252 3826 1284 3883 dt·

100 3932 102 3941 ‘
184 3992 188 4007 Α
216 3935 324 4000 cretum
346 3944 496 4004 occupasse
521 3923 639 3980 ridetur.
677 3919 787 3977 Pendet
806 3938 840 3979 ea
857 3937 903 3979 res
920 3922 956 3978 ab
975 3940 1069 4001 anuo,
1094 3944 1176 4003 quem
1200 3916 1283 4001 cupels*

216 4019 285 4075 tioni
305 4015 482 4078 Pannonicae
500 4016 646 4089 attribuas,
664 4013 711 4072 cui
727 4012 894 4072 dmtinatum
908 4012 1060 4095 Agrippam
1079 4016 1164 4079 fuisso
1180 4019 1229 4077 Dio
1246 4025 1281 4072 trr

216 4110 501 4192 dir,dequot'1deru
521 4109 584 4170 ideo
604 4117 738 4185 meretur,
764 4107 830 4191 quia
848 4107 966 4189 pauori
990 4110 1085 4195 aliqua
1110 4132 1193 4175 causa
1214 4109 1279 4187 utiq·
