2650 4700
219 217 296 294 ate
381 163 385 177 ’
590 206 624 267 r.
645 156 953 281 ormnnlsoms

197 400 301 482 ⁴Sne
327 420 350 474 e
374 418 441 499 per
462 400 638 471 externas
662 393 838 497 profugos
863 399 968 495 pater
992 393 1138 477 exsulat
1161 421 1271 497 oras3
1308 394 1309 425 ¹

315 498 379 576 rbe
402 506 520 574 tamen
546 499 640 572 natis
665 496 805 573 exsulis
829 519 915 574 esse
939 495 1037 575 lieet.
1214 497 1217 503 ’

226 600 389 682 Palladis
414 600 581 700 exemplo
605 599 653 676 de
679 623 736 676 me
760 601 840 676 sine
864 605 976 674 maire
1001 607 1126 677 ereata

277 704 447 784 Carmina
471 709 572 776 sunt:
597 709 707 803 stirps
731 701 824 779 haee
849 703 1112 802 progeniesque
1129 725 1212 779 mea
1227 700 1309 783 eset

180 816 215 880 15
231 793 337 887 Hane'
359 806 421 881 tibi
447 802 673 897 commend03
699 818 791 903 qnae
815 828 885 902 quo
909 807 1025 902 magis
1043 807 1134 882 orba
1155 813 1309 908 parente

277 910 361 985 Hoe
385 906 449 982 tibi
472 911 580 983 tutori
603 909 748 983 sarcina
770 909 882 983 maior
906 909 985 982 erit.
1167 962 1169 969 ·
1303 896 1309 985 l

230 1010 327 1087 'l'res
350 1007 434 1084 mihi
458 1017 543 1086 sunt
567 1013 641 1085 nati
666 1012 836 1107 contagia
862 1017 985 1085 nostra
1009 1009 1144 1085 seonlir

277 1112 438 1191 Caetera
461 1110 531 1202 fao,
558 1136 669 1190 curae
692 1114 740 1187 sit
764 1113 827 1187 tibi
852 1112 956 1187 turba
977 1108 1104 1211 palam.

229 1213 326 1294 Sunt
350 1237 491 1314 quoque
514 1223 669 1291 molatae
694 1224 751 1291 ter
776 1217 928 1312 quinque
944 1212 1134 1292 'volumina
1154 1213 1303 1317 formae,

176 1331 214 1390 ao
278 1315 447 1394 Carmina
470 1315 519 1393 de
543 1317 674 1392 domini
698 1316 823 1394 sunere
849 1323 952 1417 rapta
975 1315 1043 1397 sui.
1309 1315 1311 1410 l

227 1417 324 1494 lllud
349 1440 441 1518 opus
465 1420 592 1520 potuit,
617 1423 649 1493 si
674 1444 747 1495 non
772 1421 872 1520 prins
895 1421 975 1518 ipse
997 1418 1187 1518 perissem,
1242 1496 1246 1507 ,
1309 1420 1310 1497 i

278 1518 423 1599 Certius
448 1544 472 1595 a
495 1545 630 1597 summa
653 1545 783 1598 nomen
808 1520 942 1598 habere
966 1543 1083 1597 manu.
1171 1588 1172 1593 a
1309 1544 1310 1593 i

228 1620 340 1701 Nune
363 1623 600 1700 incorrectum
624 1623 748 1725 populi
769 1625 937 1725 pervenit
961 1624 999 1696 in
1021 1644 1108 1698 orac
1159 1642 1163 1659 ’

99 1795 105 1807 .
279 1724 323 1800 ln
346 1724 470 1826 populi
493 1724 682 1826 quidquam
706 1728 739 1800 si
763 1740 881 1801 tamen
906 1747 971 1802 ore
993 1740 1107 1805 meum
1130 1727 1201 1798 est.

170 1837 216 1897 'aa
231 1826 315 1904 Hoc
340 1851 482 1927 quoque
506 1833 632 1907 neseio
655 1826 746 1927 quid
762 1831 896 1904 nostris
922 1849 1065 1926 appone
1088 1824 1257 1919 libellis·
1309 1888 1310 1907 ἦ

282 1930 442 2006 Diverso
467 1932 612 2006 missum
637 1930 733 2029 quod
757 1930 819 2007 tibi
847 1930 892 2006 ab
919 1930 1007 2005 orbe
1030 1930 1143 2004 venit.

231 2029 698 2134 Quodqniounqueleget,
723 2033 756 2106 si
781 2033 859 2130 quis
883 2031 996 2127 leget,
1020 2030 1185 2105 aestimet
1209 2031 1299 2120 anie,

283 2131 528 2234 Conpositum
554 2158 625 2232 quo
649 2139 699 2209 sit
722 2141 894 2235 tempore,
916 2156 1057 2232 quoque
1081 2131 1176 2206 looo.

231 2233 385 2333 Aequus
410 2238 478 2310 erit
500 2238 656 2337 seriptis,
682 2260 828 2336 quorum
854 2235 1070 2335 cognoverit
1094 2256 1179 2311 esse

182 2343 220 2405 ³⁰
284 2335 461 2437 ldxsilium
484 2345 636 2441 ternpus,
660 2338 926 2437 barbariemque
950 2337 1080 2416 locum.

230 2438 343 2541 Inque
367 2447 422 2519 tot
445 2439 614 2524 adesim
639 2466 783 2520 carmen
807 2441 987 2519 imitabitur
1011 2438 1120 2516 ullum

185 2645 188 2650 >
661 2599 710 2654 ll.
747 2602 896 2654 extremas.
1196 2649 1199 2658 ,

211 2715 297 2781 'Pon
308 2715 465 2776 iun.'1.eid.
484 2735 528 2796 pr.
546 2737 603 2776 non
622 2718 716 2777 dlicita
734 2719 914 2777 consonantia
932 2713 1173 2779 hemistichiorum.
1211 2583 1311 2782 ΜΔ

230 2795 293 2872 poli
311 2811 373 2852 exc.
391 2793 474 2866 lions.
493 2813 529 2851 ex
547 2796 639 2871 glossa
657 2796 840 2853 usitatissima.
1205 2858 1252 2919 ml
1298 2856 1306 2874 ι

313 2873 361 2931 11.
401 2886 583 2929 rxrrnnns.
622 2879 762 2930 miramus
787 2890 805 2931 e
831 2868 1029 2963 septemdecim
1052 2865 1180 2945 scriptis,

236 2945 305 3019 bus,
336 2954 470 3022 quantum
496 2947 612 3019 scimus,
641 2949 792 3021 omnibus‚=
818 2950 873 3005 uisi-
894 2946 991 3005 Guelf.
1021 2944 1154 3003 accedere
1178 2791 1311 3069 rian

106 3047 108 3050 ·
235 3021 365 3085 Heinsius
393 3031 547 3101 receperat.
591 3023 713 3098 Vulgata
736 3026 803 3081 satis
831 3034 892 3081 tota
918 3033 962 3081 est
989 3031 1017 3079 et
1036 3039 1053 3078 a
1071 3017 1221 3092 sententia,
1246 3023 1278 3071 et
1310 3073 1311 3078 ,

236 3117 289 3156 usu
308 3093 451 3175 loquendi.
490 3101 633 3157 Eaternm
649 3118 716 3158 oros
734 3099 820 3159 babes
839 3098 916 3179 apud
934 3097 1066 3158 Ouidium
1083 3095 1153 3153 Met.
1172 3096 1208 3176 9,Ι
1224 3094 1271 3149 19.
1287 3093 1311 3164 el

236 3175 288 3238 uisi
307 3176 406 3233 misere
424 3173 516 3248 fallor,
537 3179 585 3250 13,
603 3177 672 3232 loo.
1310 3193 1311 3221 t

316 3254 362 3308 14.
402 3267 473 3308 man
493 3269 562 3309 aar.
601 3258 643 3309 esi
661 3268 697 3308 ex
716 3251 874 3309 melioribus
900 3259 1009 3308 tantum
1033 3244 1165 3305 Francos.
1185 3237 1311 3302 Geuiei

237 3324 325 3384 Beru.
350 3324 500 3395 addebant,
526 3336 585 3385 tom
611 3327 743 3385 tredecim
768 3328 905 3404 vulgares.
940 3328 1133 3403 proqoniosqne
1159 3324 1213 3378 nrei
1231 3330 1311 3378 tres!

148 3430 150 3433 ⁴
240 3411 308 3462 vett.
328 3401 393 3459 edd.
422 3412 535 3480 praeter
552 3403 665 3461 Bonon.
694 3415 825 3462 consueta
851 3405 966 3462 librariis
989 3412 1145 3472 structura,
1173 3403 1311 3473 quareo«,

109 3481 112 3486 ’
189 3535 196 3544 ,
240 3477 336 3535 debuit
354 3478 482 3535 Heinsius
502 3483 639 3536 tentarer
654 3479 731 3542 milri.
769 3479 849 3537 Vers.
869 3497 929 3556 seq.
966 3485 1009 3536 eoi
1028 3495 1123 3535 ornnes
1148 3476 1214 3533 libri
1233 3469 1311 3531 adde!

239 3562 353 3633 praeter
372 3555 496 3631 quinque
515 3555 619 3612 Heinsii
639 3575 695 3613 non
715 3564 806 3630 notos,
833 3566 941 3613 nostros
969 3554 1032 3613 Rel.
1054 3552 1149 3613 Berol.
1187 3552 1270 3614 Vm·
1285 3543 1311 3620 ll

238 3635 305 3687 mni
323 3628 428 3701 framea
447 3630 523 3688 Gall.
561 3631 642 3689 Vers.
665 3635 712 3689 18.
749 3636 808 3689 rint
827 3632 877 3690 libi
894 3631 1003 3688 Riclrel.
1088 3637 1090 3642 '

225 3737 231 3749 ι
316 3709 365 3763 23.
404 3723 649 3768 unquentorum.
695 3710 883 3784 incomptum
910 3708 1001 3765 Palat.
1027 3706 1109 3784 prim.
1151 3704 1311 3783 oeromiss

239 3797 290 3839 oto
306 3780 427 3840 sedecim
446 3782 560 3856 Heinsii,
579 3784 636 3849 duo
655 3785 755 3858 nostri,
772 3786 892 3842 melioris
911 3795 995 3843 notae
1014 3784 1116 3840 nullos.
1309 3835 1311 3840 a

317 3858 368 3920 24.
405 3875 504 3915 aarum
525 3877 593 3918 rar.
632 3863 687 3918 inei
702 3868 744 3918 esi
761 3860 852 3917 Palat.
868 3862 954 3937 mrim.
981 3860 1079 3917 Gueli.
1099 3877 1117 3915 a
1135 3874 1193 3913 see.
1213 3875 1252 3914 m.
1269 3848 1311 3911 Pu

239 3937 271 3990 et
280 3929 425 3991 duodecim
439 3952 501 3992 cnm
516 3944 583 3992 retr.
598 3935 664 3994 edd.
701 3947 792 3994 raeter
806 3936 918 3994 Bonan.
931 3935 981 3998 cfr.
994 3954 1072 4013 supr.
1082 3940 1113 4004 2,
1125 3938 1176 3990 23.
1195 3919 1311 3989 viati

239 4010 266 4066 si
285 4012 348 4084 qnia
370 4007 444 4084 loqui
462 4001 548 4068 Bern.
589 4011 654 4086 legii
672 3954 763 4071 lEalat.
780 4031 839 4071 see.
878 4012 959 4069 Ver-s.
979 4014 1027 4068 28.
1066 4028 1151 4085 qnooo
1178 4009 1238 4067 loeo
1255 4006 1311 4062 Scri

180 4109 181 4112 ¹
241 4079 789 4162 arr·na.1ee1.etalius‚eunome.
826 4088 908 4149 Vera.
930 4093 978 4149 30.
1016 4086 1230 4162 barbariamque
1247 4079 1311 4142 Pol*

240 4170 369 4239 uterque,
388 4162 522 4221 Fraoeof.
542 4172 572 4223 et
590 4164 712 4225 sedecim
725 4164 793 4225 'com
814 4176 882 4227 rett.
904 4165 969 4227 edd.
989 4173 1101 4243 praeter
1120 4163 1257 4222 Aldioam.
