2650 4700
479 208 531 274 AD
550 211 642 275 tarn.
1018 227 1099 305 m

26 415 134 477 uuquam
156 396 360 478 desperavisses
389 396 420 458 in
442 394 714 479 Metamorphosibus
741 401 937 482 paucissimas,
964 389 1039 487 quae
1057 431 1093 475 es

26 490 239 550 tleraudm'norum
258 491 342 549 docto
360 510 437 569 penu
462 490 647 572 depromptae
675 494 832 573 rideantur,
849 500 877 557 in
896 501 987 560 Fastis
1006 504 1092 565 iuter·

26 583 65 640 lum
85 584 158 645 fictas
182 605 237 664 pro
261 604 293 644 re
316 584 458 664 praesenti
484 593 514 644 et
541 588 745 646 commenticias
770 592 912 668 posuisse,
937 595 988 654 eir.
1003 595 1091 658 Sum.

26 694 71 732 oum
87 678 179 736 Virum
198 680 327 738 Mueller.
355 675 469 756 Proleg.
496 679 612 755 mythol.
632 700 662 757 p.
684 684 750 757 923
777 683 958 745 elocutionem
986 690 1089 770 ubique

26 770 95 828 abere
112 773 297 850 perspicuam,
316 781 453 849 argutam,
474 771 586 831 uberem
607 774 678 833 adeo
697 794 898 855 saepenumero
927 782 1017 859 nimis,
1038 786 1089 842 ab·

27 869 106 919 husam
131 875 160 922 et
185 865 325 943 turgidam
352 885 498 942 nusquam.
538 867 589 924 llis
615 869 644 926 iu
674 870 756 927 rebus
782 872 908 930 omnihus
933 875 1088 954 egregieel

27 957 165 1015 muniebat
189 980 253 1017 cum
280 959 441 1036 aequalibus
467 959 559 1037 poetis
582 961 732 1040 plerisque.
778 964 916 1024 Videntur
944 969 1017 1027 enim
1045 966 1086 1030 illi

27 1048 97 1124 opiam
113 1050 220 1111 dicendi
237 1054 362 1132 inprimis
381 1050 527 1112 affectasse
546 1063 576 1113 et
594 1069 769 1133 argumenta,
789 1059 888 1137 quilius
908 1060 955 1119 illa
974 1063 1086 1124 elucere

26 1151 92 1215 osset,
110 1164 162 1203 non
182 1155 240 1203 tam
260 1147 433 1223 excogitasse
452 1156 481 1202 et
499 1149 685 1225 quaesivisse,
711 1170 795 1229 quam
819 1153 977 1229 arripuisse.
1015 1153 1085 1214 Eius

26 1232 168 1313 amernplo
187 1249 254 1296 sunt
271 1249 373 1316 poetae
390 1237 506 1315 heroici,
527 1242 639 1318 quires
658 1252 750 1320 gestas
774 1246 994 1306 celebraverunt.
1033 1248 1085 1307 ln-

26 1325 143 1400 triptiunes
166 1350 300 1410 operum,
327 1350 401 1409 quae
426 1331 463 1389 ad
487 1351 539 1389 uos
571 1347 776 1417 pervenerunt,
808 1338 929 1419 prodere
954 1339 1085 1402 ridentur

27 1433 53 1473 oo
68 1422 172 1497 exiguae
190 1425 271 1482 molis
290 1443 324 1481 ea
342 1426 428 1484 fuisse
446 1435 475 1485 et
494 1430 649 1502 argumenti
669 1435 749 1508 quasi
767 1431 903 1501 tralaticii,
930 1442 1006 1491 certe
1024 1453 1082 1492 non

26 1510 102 1570 uhlci:
124 1516 160 1574 de
179 1513 340 1578 elocutione
357 1519 423 1578 inde
441 1516 571 1597 augurari
599 1532 708 1599 potest,
733 1524 809 1602 qrrod
837 1534 964 1581 auctores
985 1524 1084 1586 rheto-

26 1601 66 1662 itas
79 1609 116 1666 soi
132 1613 264 1687 temporis
283 1614 336 1669 arti
362 1631 476 1690 operam
502 1612 611 1671 dedisse
635 1611 728 1693 paene
747 1616 783 1673 de
807 1617 934 1674 omnihus
953 1625 1002 1674 aut
1020 1617 1083 1694 ple·
1180 1643 1181 1647 ¹
1240 1649 1243 1656 .

27 1694 57 1753 iu
80 1704 164 1779 argui,
198 1714 249 1763 aut
283 1706 466 1765 confidentius
500 1709 634 1785 suspicari
668 1707 762 1765 datur.
805 1707 909 1765 Eorum
934 1720 1082 1788 poetarum

28 1789 115 1851 audam
136 1797 355 1857 Homeristarum
381 1800 544 1857 Latinorum
580 1802 692 1859 nomine
724 1810 851 1883 recenset
875 1801 1085 1861 Wemsdorlius

26 1884 69 1939 hel·
86 1886 144 1947 Lat.
171 1893 237 1951 min.
266 1902 347 1951 tom.
361 1895 389 1951 4.
417 1912 447 1970 p.
474 1892 544 1956 578.
563 1913 623 1971 sq.;
649 1913 724 1972 quae
749 1895 900 1973 appellatio
926 1896 1083 1953 excusatio·
1116 1893 1132 1938 θ

26 1989 58 2030 tn
71 1979 103 2037 ita
117 1982 240 2061 liaberet,
261 1987 284 2043 si
304 1985 471 2064 cyclicorum
490 1989 615 2045 carmina
634 1990 750 2047 Homeri
768 1989 879 2046 nomine
899 1989 1083 2048 vetustissimo

26 2083 69 2126 tore
82 2079 309 2154 comprehendere
327 2081 405 2156 velis,
425 2080 476 2137 cfr.
497 2081 635 2140 Welcker.
656 2082 694 2141 'de
712 2083 783 2160 cycl.
802 2101 833 2162 p.
854 2085 922 2155 131,
942 2101 985 2160 sq.
1002 2113 1005 2120 v
1022 2081 1083 2141 Ve-¹

26 2169 122 2244 lucum
140 2191 174 2230 ne
191 2174 267 2233 inter
284 2174 387 2249 cyclica
412 2172 524 2250 quidem
550 2175 600 2233 illa
616 2176 678 2254 ipss
704 2184 867 2254 argumenta
886 2176 980 2232 omnin
998 2191 1084 2253 repe·

26 2247 60 2328 ht,
73 2277 134 2336 quac
150 2268 364 2342 recensebimus,
384 2267 449 2324 mihi
468 2268 614 2345 probabile
640 2269 750 2328 ridetur
775 2259 876 2348 poetas
894 2267 1010 2325 Latinos
1029 2267 1084 2326 hoo
1297 2343 1298 2353 ἵ

26 2363 96 2435 toque
110 2371 186 2433 parte
204 2362 341 2419 seriorum
371 2363 545 2420 Graecorum
570 2363 687 2438 vestigia
714 2364 866 2440 pressisse,
893 2361 944 2419 sed
963 2358 1085 2421 aliorum
1158 2398 1160 2401 ·
1191 2378 1193 2381 ’
1297 2364 1298 2439 ᾗ

26 2448 197 2530 memetque
223 2454 286 2512 sslos
312 2463 378 2512 ante
402 2454 550 2532 Virgilium
577 2465 607 2513 et
632 2454 689 2513 alio
719 2454 823 2512 modos
850 2470 942 2531 neque
969 2463 1082 2530 ornatu,

26 2546 79 2609 tque
99 2540 214 2605 dictione
240 2548 438 2623 grammatica,
472 2548 495 2605 si
519 2548 558 2604 ita
584 2547 661 2625 loqui
686 2546 729 2604 sas
754 2555 813 2620 est,
848 2544 899 2602 sed
930 2544 1082 2604 rhetorica.-
1111 2607 1114 2610 ,
1138 2599 1141 2618 ,

26 2620 67 2683 iim
82 2631 116 2690 illi
133 2656 244 2718 quoque
264 2640 381 2715 Graeci,
399 2660 470 2719 quos
489 2641 623 2718 intelligo,
643 2639 813 2719 grammatici
832 2647 928 2696 erartc
955 2638 1083 2714 inprimis

26 2715 265 2808 lhuysiusaeTlnar,
292 2736 339 2813 qui
364 2728 521 2812 Negopr‘du
545 2736 673 2814 scripsit,
698 2743 769 2792 teste
794 2731 939 2790 Athenaeo
966 2735 1021 2803 11,
1048 2748 1080 2810 p.

26 2812 63 2886 ⁸9>
77 2837 105 2893 ³3
122 2841 181 2882 eam
191 2828 369 2906 Asclepiades
387 2827 547 2903 Myrleanus
566 2829 677 2887 Romae
696 2827 804 2886 videtur
822 2843 961 2898 enarrasse,
977 2822 1079 2885 Athen.

27 2906 47 2974 ¹2
64 2926 88 2984 P·
110 2915 173 2993 477,
191 2920 228 2997 b3
255 2923 400 2980 Menelaus
426 2922 574 2999 aegensis,
602 2923 651 3000 qui
676 2920 841 2995 Thebaida,
878 2930 949 2979 teste
973 2917 1082 2994 Suidaa
1173 2952 1175 2955 ·

26 3004 104 3062 illusis
120 3009 290 3089 liegesianax
308 3015 475 3073 'l'roicorum
494 3024 609 3089 auctor,
639 3017 742 3074 Athen.
761 3018 791 3091 9,
811 3035 842 3092 p.
862 3016 929 3072 393.
950 3012 980 3071 d.
1018 3012 1080 3068 Ho-

26 3096 55 3146 lffll
69 3095 140 3171 igitur
156 3107 341 3185 Graecorum,
367 3128 436 3186 quos
455 3111 588 3185 cyclicus,
616 3111 732 3188 opinor,
760 3108 928 3186 appellasset
947 3103 1080 3160 Callima·

26 3177 69 3258 bos,
84 3191 225 3261 imitatores
251 3206 348 3281 utique
370 3205 425 3260 iam
453 3211 519 3259 ante
546 3201 695 3281 Virgilium
724 3201 846 3259 extitisse
871 3194 1001 3254 ridentur
1018 3193 1080 3252 Do-

26 3272 77 3337 lfiut
98 3285 200 3352 Marsus
225 3306 255 3354 et
272 3298 373 3355 Furius
390 3297 560 3371 Bibaculus,
590 3298 638 3374 qui
662 3293 835 3353 Amazonida
858 3301 888 3350 et
915 3286 1081 3365 Aethiopida

26 3369 154 3460 &pserung
172 3388 319 3461 incertum,
342 3409 412 3468 quos
430 3391 528 3448 secuti.
569 3390 655 3458 Quod
674 3390 697 3446 si
715 3391 755 3446 ita
774 3396 835 3460 est,
859 3391 940 3442 tanto
965 3379 1082 3463 mirabi-

27 3476 48 3516 ω
67 3479 102 3527 θῦῒ
121 3491 183 3552 post
206 3484 351 3561 Virgilium
377 3486 429 3542 ista
454 3484 546 3541 adhuc
574 3492 653 3541 tanto
687 3490 788 3541 conatu
813 3478 915 3538 tentari
942 3476 1080 3555 potuisse,

27 3560 64 3613 ¹¹³⁹
85 3583 159 3640 quam
185 3577 223 3634 illi
250 3597 285 3635 ex
311 3586 372 3635 toto
398 3578 537 3635 dissimilia
562 3576 686 3651 suerint,
714 3574 817 3634 docere
847 3591 903 3630 nou
929 3585 1000 3651 opus
1027 3575 1082 3627 est.
1174 3637 1177 3653 Ι

26 3642 156 3721 iollamus
172 3667 288 3747 Virgilio
313 3672 518 3749 supervixerit,
534 3671 586 3727 ruti
613 3688 648 3728 ex
673 3669 875 3746 epigrammate
903 3664 962 3723 eius
980 3662 1009 3719 in
1028 3660 1083 3755 Ti'.
1146 3725 1151 3732 ,

27 3738 91 3803 ,llum
109 3765 134 3811 et
152 3757 242 3822 Ovidii
268 3762 389 3822 carmine
406 3765 500 3823 Pout.
519 3764 550 3839 4,
571 3766 619 3839 16,
640 3762 672 3821 5.
690 3763 808 3820 sortasse
836 3757 926 3834 colligi
944 3756 1040 3836 possit,
1058 3754 1083 3811 is

26 3808 55 3888 ili
74 3856 156 3908 sectae
179 3867 325 3932 poetarum
351 3858 456 3936 primus
481 3855 667 3915 nominandus
692 3865 753 3928 est,
786 3853 833 3930 qui
860 3853 942 3909 etiam
970 3849 1083 3909 rhetora

26 3926 153 3999 mitorum
168 3965 233 4010 usus
250 3962 309 4029 est,
337 3951 429 4009 iudice
456 3949 604 4027 Spalding.
632 3948 670 4006 od
698 3947 816 4016 Quintil.
833 3945 912 4019 >lust.
931 3949 961 4018 3,
983 3942 1082 4018 1,18.

26 4008 95 4083 lerum
115 4032 274 4121 Tuticanus,
302 4044 433 4118 Ponti,
453 4046 503 4119 16,
522 4046 589 4116 27.,
614 4042 662 4119 qui
687 4039 847 4100 Phaeacida
871 4038 997 4117 scripsit,
1023 4050 1081 4090 unu

26 4120 63 4170 ω
79 4117 170 4190 Ouidio
186 4135 326 4204 institutus
342 4148 397 4216 est,
415 4139 499 4202 Pont.
516 4137 547 4213 4,
566 4141 617 4216 12,
635 4141 673 4195 21
693 4166 728 4180 -
740 4137 819 4208 ’29.,
842 4151 911 4212 ergo
937 4128 1080 4191 rhetorem
