2650 4700
166 111 169 120 ¹
222 177 298 254 η’,
507 186 510 194 ,
574 168 632 228 vr.
653 146 774 227 otmn
793 159 963 224 nasonis

744 361 815 447 qv·
1084 333 1313 410 'ti

227 496 284 623 0
308 545 391 624 mibi
416 567 505 624 esre
531 540 672 644 quidem
695 561 850 643 semper,
873 531 945 613 sed
969 538 1130 638 tempore
1154 536 1250 620 duro
1311 581 1313 612 i

292 651 463 750 Cognite,
482 672 545 724 res
568 655 755 750 postquam
779 638 1005 748 prooqbuere
1028 663 1143 737 meam

202 756 369 855 ,Vsibus
393 752 526 831 edocto
550 754 583 824 si
608 748 798 848 quidquam
822 741 943 822 eredis
969 744 1095 837 amieo,

288 858 389 934 Vive
414 857 476 930 tibi
501 860 539 930 et
560 851 672 951 longe
697 851 840 925 nomina
861 867 992 943 magna
1016 844 1121 945 luge3

196 959 332 1036 ⁵Vive
356 959 430 1050 tihi,
455 963 691 1056 quantumque
715 958 822 1053 potes
844 948 1061 1050 praelustria
1082 949 1179 1024 uita:

289 1061 451 1140 Saevum
476 1058 668 1161 praelustri
690 1055 824 1130 fulmen
849 1052 894 1128 ab
921 1074 1007 1126 aree
1031 1053 1143 1127 venit.

228 1162 325 1241 Nam
348 1185 555 1263 quamquam
580 1159 649 1235 soli
673 1153 827 1260 possunt
848 1139 1026 1258 prodesse
1049 1158 1232 1254 potentes,
1300 1169 1312 1186 ·’

290 1266 380 1344 Non
403 1268 519 1368 prosit
542 1264 675 1370 potius,
697 1264 731 1337 si
755 1261 835 1360 quis
859 1257 1152 1357 obessepotest.

756 1457 807 1522 lV.

305 1585 354 1647 Ad
372 1587 491 1646 amiotus
509 1583 644 1644 Francos.
668 1580 766 1646 Berul.
804 1586 943 1662 linquere
966 1582 1099 1645 nobilium
1123 1589 1218 1641 ouetcts
1233 1581 1313 1641 tons

231 1671 278 1725 tur
296 1668 417 1723 antinno
434 1663 546 1722 Pir-elli.
564 1673 595 1720 et
613 1663 708 1724 Berol.
747 1662 794 1720 Ad
813 1667 950 1739 anticum,
974 1670 1007 1720 ut
1025 1678 1190 1737 magnorum
1209 1662 1313 1730 uirontt

229 1740 451 1800 consuetudinem
471 1738 564 1815 inqiut
589 1748 655 1797 vett.
682 1739 747 1797 edd.
773 1748 846 1798 octo.
892 1739 924 1796 ln
951 1739 1090 1818 Crevenn,
1120 1732 1313 1944 superiorinq

228 1820 371 1878 haerebat.

304 1900 334 1952 2.
366 1908 596 1951 raucarum.
633 1890 879 1950 succubuerelnu.
949 1895 952 1902 ’
1312 1947 1313 1972 ,

305 1974 334 2029 6.
376 1987 419 2026 nu
439 1986 523 2026 nncr
543 1986 654 2026 nrurr.
694 1967 730 2026 ob
748 1973 810 2043 ique
827 1970 901 2026 uenit
919 1964 1068 2024 Guelferb.
1095 1962 1216 2026 Putean.
1240 1959 1313 2028 rum

229 2067 285 2106 sec.
305 2046 387 2105 Leid.
408 2055 536 2121 uterque,
558 2043 670 2103 Pir-cib.
695 2045 769 2121 Reg.
794 2046 871 2106 Gall.
897 2044 970 2102 Mor.
995 2043 1076 2101 Serv.
1101 2042 1221 2118 Seguer.

229 2126 295 2182 Rel.
321 2122 417 2179 Berol.
443 2122 526 2178 Crer.
553 2119 721 2197 quindecim,
749 2121 831 2182 floril.
855 2120 957 2178 Berni.
985 2128 1015 2178 et
1040 2119 1129 2196 prima
1154 2118 1250 2178 editio.

230 2200 309 2258 hoste
326 2201 390 2255 Jun.
429 2200 492 2271 ique
509 2196 566 2269 sctit
586 2215 667 2269 nurus,
688 2195 762 2253 unde
780 2198 908 2255 Heinsius
926 2197 1063 2255 faciebat:
1079 2199 1146 2254 mii.

308 2277 338 2332 7.
385 2291 539 2331 rossunr.
591 2276 700 2348 possint
729 2272 811 2331 Serv.
842 2275 908 2333 Jun.
936 2273 1033 2337 Berol.
1065 2271 1147 2352 florii.
1180 2268 1274 2331 Berol.

218 2352 319 2430 >prima
337 2349 432 2410 editio.
533 2360 535 2365 ’

160 2477 165 2484 ,
307 2432 336 2486 8.
382 2445 449 2485 nort
475 2457 512 2469 -
538 2443 672 2483 uerter.
715 2423 859 2483 Palatinus
892 2427 998 2504 primus
1023 2433 1050 2484 et
1075 2423 1168 2487 Vatic.
1202 2416 1312 2485 Ciolanir

230 2506 296 2564 Non
322 2506 416 2582 potins
438 2503 568 2580 modest,
594 2507 620 2560 si
646 2504 709 2578 quis
735 2501 827 2561 obessa
849 2510 948 2579 potest.
993 2500 1250 2576 Guelferbytanus:
1276 2496 1299 2557 V

230 2600 287 2642 non
305 2581 435 2658 prodest,
462 2584 488 2638 si
505 2584 567 2655 qais
585 2578 679 2638 obesse
695 2586 797 2657 potust5
823 2581 912 2655 prima
931 2598 984 2637 vox
1002 2596 1091 2650 erasa,
1114 2579 1239 2653 syllabae

231 2662 257 2716 si
276 2662 339 2733 quis
357 2667 401 2733 ete
419 2663 509 2733 potest
526 2659 554 2713 in
573 2675 670 2713 rasura
689 2676 707 2713 a
726 2656 820 2713 seriori
841 2674 925 2712 menn
952 2656 1054 2734 scripta
1073 2664 1164 2728 erant,
1182 2655 1236 2710 sub
1254 2664 1302 2729 qni

231 2742 298 2791 munt
321 2732 471 2810 plurimum
497 2742 540 2790 et:
566 2732 655 2790 cotan
679 2733 764 2788 luisse
790 2731 1012 2808 dignoscebatur.
1055 2731 1088 2788 ln
1114 2748 1149 2787 ea
1179 2731 1253 2807 scrip

231 2809 605 2944 tltfflssilb‘ld‘ebt
630 2807 1091 2942 ltltbltl⁰⁰b³³nnl⁰'·
1109 2805 1276 2960 ,lidda

193 3008 199 3021 s
232 2963 314 3020 Serv.
353 2961 536 3038 Reliquorum
560 2960 643 3018 codd.
670 2962 782 3038 quinam
805 2979 885 3035 eam,
912 2979 996 3037 qnam
1021 2963 1108 3018 secuti
1125 2978 1239 3034 sumus,

130 3089 133 3097 .
219 3078 222 3079 ν
251 3049 352 3108 turam,
370 3038 452 3114 quive
470 3038 596 3111 alteram,
616 3055 689 3115 quae
708 3048 776 3095 vett.
791 3037 855 3095 edd.
876 3047 940 3097 octo
959 3037 1068 3110 insedit,
1087 3035 1264 3114 quamquefl

262 3112 372 3174 nrmell.
392 3113 492 3172 babet:
519 3117 586 3172 Non
607 3118 725 3191 moment
749 3117 858 3190 polium
882 3113 1032 3191 pisinianum
1055 3114 1145 3172 obesse
1171 3113 1259 3170 solas

228 3193 351 3265 buerint,
370 3192 459 3250 noluit
478 3201 612 3248 annotare
637 3192 781 3265 Heinsius,
806 3192 871 3267 quia
895 3192 1076 3324 suppositinm
1105 3207 1167 3248 esse
1190 3190 1253 3246 disti

229 3269 281 3325 sibi
305 3277 492 3345 persuaserat.
535 3266 679 3324 Meliorem
703 3269 866 3344 scripturam
891 3267 941 3324 Lei
962 3285 1056 3340 enses,
1087 3285 1207 3343 quornm
1234 3276 1260 3322 ta

173 3390 178 3401 .
217 3344 316 3407 „ultera
336 3348 363 3402 si
379 3344 454 3420 qnid,
475 3344 561 3402 alter:
581 3343 630 3401 sud
648 3343 723 3419 quid,
741 3340 872 3400 Politiani
891 3354 1049 3420 utrumque,
1069 3343 1166 3400 sedin
1186 3353 1311 3419 postrema

227 3428 334 3477 tantum
353 3421 535 3495 hemistichia,
553 3420 647 3478 Berol.
674 3440 761 3479 unum
786 3419 895 3476 Ciosani
913 3430 942 3478 et
961 3418 1088 3477 Aldinarn
1107 3420 1268 3490 secundam,
1290 3414 1298 3429 ‘

228 3495 366 3555 deteriore
384 3497 475 3554 Palat.
493 3516 568 3554 sec:
587 3500 655 3554 Non
673 3501 767 3574 potius
784 3495 896 3571 prodest
914 3497 1067 3554 exhibuisse
1086 3505 1205 3554 constat.
1234 3495 1257 3551 F

227 3573 285 3630 cius
304 3574 409 3632 Heinsii
427 3574 555 3632 indicium
573 3575 752 3650 sequebatur,
771 3571 948 3631 Burmannus
973 3574 1080 3650 singula
1105 3572 1257 3645 defendere

227 3656 310 3706 natus
331 3661 383 3723 est,
404 3669 493 3727 ,quern
512 3669 567 3707 non
587 3661 664 3707 recte
691 3661 785 3706 tamen
810 3667 871 3705 rem
897 3650 1012 3726 gessisse
1030 3649 1205 3707 Schraderus
1230 3614 1311 3775 md

213 3725 285 3781 hat.
324 3725 412 3784 Nobis
431 3728 467 3784 ab
484 3727 527 3783 his
546 3728 672 3783 omnibns
691 3724 888 3783 discedendum
905 3736 957 3783 est.
996 3725 1098 3803 Neque
1117 3727 1191 3783 eninr
1210 3733 1285 3782 autc

226 3802 350 3877 spurium
374 3820 436 3860 esse
461 3802 565 3862 debeat
589 3801 740 3875 distichon,
767 3812 816 3857 aut
842 3820 898 3878 qna
923 3802 1083 3860 defensione
1108 3803 1250 3879 indigeat,
1272 3802 1309 3855 au

226 3879 377 3953 quomodo,
397 3880 419 3936 si
439 3898 510 4011 opus
528 3881 574 3953 sit,
593 3876 675 3935 aliter
693 3874 805 3935 delendi
831 3881 933 3954 possit,
959 3891 1044 3957 atque
1063 3898 1081 3935 a
1098 3877 1259 3936 Bormanon
1274 3873 1306 3931 fr·

225 3963 300 4011 etum
319 3967 370 4024 est,
389 3956 455 4013 intel
467 3958 542 4032 igere
560 3974 611 4012 uos
635 3956 767 4012 fatemur.
806 3953 839 4011 Si
857 3954 894 4012 de
920 3956 1059 4013 codicibus
1085 3956 1185 4013 meliu's
1213 3960 1306 4011 comn-

128 4055 135 4068 ·
220 4040 278 4102 ret,
311 4032 490 4108 paucissimos
520 4032 639 4090 luctasse
678 4033 866 4108 incorruptam
893 4031 1125 4109 praestantiorem
1157 4033 1306 4109 scripturn

221 4109 368 4167 ostendere
386 4116 518 4187 peteret,
542 4108 619 4187 quod
638 4117 803 4186 argumente
821 4123 882 4167 esse
900 4109 1049 4174 dixeritne
1067 4110 1216 4168 recentiori
1234 4108 1306 4168 urs-
