2650 4700
209 189 263 276 pp
557 183 603 245 r.
623 177 759 249 ormo
778 176 951 246 sueonos

189 370 310 458 ,Turn
325 367 428 458 ⁴vero
451 369 615 448 exoritur
640 367 776 446 clamor
797 366 1026 465 gemitusque
1047 379 1216 444 mechom

265 474 315 548 nt
339 472 470 548 feriunt
494 480 655 547 moestae
681 478 832 571 pectora
856 468 953 545 nuda
973 491 1118 554 manus:

219 575 314 651 Tum
338 589 429 651 vero
455 577 590 650 coniux
614 574 771 648 humeris
797 573 962 647 abeuntis
988 569 1181 646 inhaerens

167 688 204 747 eo
269 679 417 753 Miscuit
440 677 532 753 haec
557 676 713 751 lacrimis
737 674 854 750 tristia
880 673 977 750 diota
1000 675 1107 747 meis:

217 778 308 859 Non
329 787 438 882 potes
457 778 591 886 gavelli:
617 778 722 853 simul
747 778 804 872 ah,
830 775 934 851 simul
958 776 1096 870 ihimtm,
1119 770 1252 872 inquit:

646 934 697 990 80.
734 928 811 988 dicta
827 927 896 987 suis.

218 1082 309 1133 metro
328 1072 373 1131 hic
397 1090 555 1151 repugnare
574 1071 719 1134 cavillatur
743 1071 887 1141 Heinsius,
913 1066 1135 1140 (memur‘Statii
1153 1066 1224 1125 silv.
1243 1067 1281 1142 3,
1302 997 1315 1150 a

219 1154 282 1227 7.,)
302 1152 413 1222 oblitus,
433 1159 513 1227 puto,
532 1160 593 1207 erat
611 1149 665 1207 loci
685 1149 839 1222 virgiliani,
859 1149 930 1206 Aen.
949 1133 980 1219 d,
999 1148 1074 1204 6422

338 1226 425 1285 Hand
442 1226 539 1302 prouti
555 1225 621 1284 iude
638 1229 709 1283 citae
726 1228 861 1284 Mottiana
878 1227 909 1282 io
927 1222 1037 1281 diuerso
1056 1218 1220 1297 quadripes,

218 1303 267 1362 ubi
284 1301 340 1360 rid.
360 1304 540 1379 interpretes,
564 1321 648 1379 quern
668 1300 728 1359 Sid.
749 1302 802 1378 Ap.
819 1300 927 1375 Paneg.
954 1297 1038 1355 Anth.
1058 1317 1084 1355 v.
1105 1299 1163 1352 290
1183 1294 1277 1351 imitat

218 1377 378 1458 quanquam
402 1379 554 1436 Salmasius
575 1378 611 1435 ad
637 1379 714 1435 Flor.
733 1378 757 1451 l,
777 1383 795 1433 3
815 1378 917 1453 ubique
941 1379 1063 1433 Melitam
1088 1370 1240 1449 legendum

218 1466 318 1524 auctor
343 1464 395 1529 est,
415 1454 563 1512 accedente
583 1454 742 1512 Weicherto
762 1473 787 1510 r.
808 1452 864 1511 dss.
883 1453 920 1510 de
938 1449 1023 1509 Furio
1046 1449 1182 1522 Bibaculo
1200 1466 1234 1523 p.
1255 1451 1275 1503 3

218 1527 256 1590 At
280 1550 363 1600 nemo
390 1532 430 1587 vir
454 1531 539 1608 paulo
566 1530 675 1590 doctior
699 1530 829 1608 probavit
858 1530 925 1590 istos
957 1545 1063 1585 versos.
1107 1523 1297 1583 Auctoritatib

219 1606 357 1683 agamus?
381 1607 572 1666 Probarerant
598 1609 662 1665 olim
683 1608 785 1666 Claud.
805 1605 956 1666 Salmasius
977 1605 1067 1661 et-lo.
1085 1602 1134 1674 Fr.
1154 1600 1287 1659 Gronori
1312 1659 1313 1662 ,

219 1686 297 1742 cuius
317 1685 463 1762 epistolam
482 1683 518 1740 ad
538 1685 615 1741 illum
640 1684 771 1759 scriptam
796 1681 882 1740 habes
903 1680 973 1757 Syll.
995 1687 1025 1755 2,
1045 1698 1076 1757 p.
1097 1679 1167 1750 640,
1187 1675 1277 1733 ubils

218 1761 367 1835 leguntur:
396 1760 468 1834 „De
486 1759 585 1818 Mettio
606 1755 744 1818 verissime
767 1769 921 1815 correctum
949 1756 1106 1816 veliinritis
1124 1755 1193 1812 Mss.
1235 1751 1287 1808 Nu

218 1836 338 1896 fidiculis
357 1837 642 1912 indecxtorqueatur
660 1854 773 1905 sensus,
801 1836 848 1911 qui
874 1834 910 1891 ad
930 1835 1012 1891 aliam
1038 1832 1177 1890 historiam
1207 1828 1315 1902 alluda

220 1913 365 1971 subtilitas
385 1914 432 1970 illa
459 1912 650 1989 distinguentis
674 1913 762 1969 inter:
789 1914 820 1969 tu
839 1909 990 1969 contrariu
1004 1913 1077 1970 cersi
1096 1918 1139 1965 et:
1165 1909 1196 1964 ia
1217 1905 1315 1976 disard

220 1991 279 2049 otti
297 2008 361 2049 eum
381 1988 473 2062 decet,
493 1989 626 2065 quiquid
645 2006 737 2063 opero,
757 1987 824 2065 quid
844 1987 982 2046 diuersum
999 1990 1045 2058 sit,
1064 1983 1202 2058 ignorat.”
1227 1982 1315 2040 Exin

117 2107 122 2118 .
240 2083 295 2123 uae
320 2065 391 2123 haec
417 2074 574 2141 sequuntur
599 2067 628 2122 in
653 2065 771 2142 epistola
803 2074 882 2141 patet
913 2064 977 2122 satis
1002 2063 1097 2138 inique
1128 2058 1268 2116 iudicasse
1293 2055 1313 2113 d

220 2086 397 2208 licissimum,
415 2142 638 2198 annotationibus
666 2140 830 2217 quibusdam
855 2141 921 2197 istos
945 2140 1035 2212 viros,
1063 2135 1223 2214 quodcum
1242 2117 1315 2230 intell

148 2312 150 2317 ·
220 2294 278 2352 cius
303 2312 371 2352 suae
395 2293 550 2353 sententiae
575 2293 742 2354 inhaereret.
789 2294 862 2350 Tale
887 2291 955 2371 quid
979 2291 1112 2348 commisit
1137 2306 1218 2366 sequ.
1245 2287 1283 2345 el.

218 2376 277 2506 ἃς
288 2379 317 2428 et
336 2370 377 2506 la
391 2370 462 2429 Met.
482 2374 530 2446 10,
549 2370 619 2445 225,
640 2371 688 2428 ubi
706 2369 747 2430 Is.
769 2371 847 2430 Vossi
867 2370 1055 2429 coniecturam
1073 2366 1208 2425 reticuitz·
1225 2368 1256 2424 1.

210 2500 213 2510 Κ
296 2465 341 2504 soc
378 2466 412 2505 aa.
719 2506 722 2511 ,
974 2502 978 2509 1

229 2576 234 2583 .
296 2527 345 2585 77.
386 2540 520 2581 carmon
541 2539 762 2597 esmrruspur.
802 2520 906 2580 clamor
930 2518 1063 2599 {iensque
1082 2517 1175 2593 Palat.
1194 2430 1315 2597 prima

218 2601 301 2680 prim.
321 2600 367 2659 ed.
388 2601 483 2657 Heins.
504 2599 647 2676 matreque
666 2618 725 2657 exc.
745 2597 828 2655 Voss.
1076 2621 1080 2628 ,

156 2731 167 2749 .
299 2680 347 2735 80.
386 2693 523 2734 rnrsrrs
543 2693 644 2733 mors
665 2694 755 2734 murs.
787 2676 892 2732 ⁴tristis
909 2672 993 2733 ocrhu
1010 2674 1079 2731 amis
1098 2669 1196 2729 Guelf.
1216 2670 1283 2728 Pirr

221 2751 312 2811 Palat.
333 2770 390 2809 sec.
417 2753 490 2828 Reg.
519 2751 595 2809 Gall.
622 2753 721 2819 Bern„
736 2750 868 2808 Francos.
893 2760 1014 2827 quatuor
1039 2750 1085 2808 alii
1104 2757 1133 2804 et
1152 2746 1198 2805 ed.
1216 2748 1300 2805 Bono

182 2831 203 2901 j
221 2827 306 2887 verba
323 2831 384 2886 sois
401 2827 465 2885 cod.
484 2827 593 2887 Bersm.
614 2828 690 2886 dictu
707 2833 767 2885 mts
787 2828 864 2884 Gall.
889 2845 941 2904 pro
961 2847 988 2885 v.
1007 2846 1061 2884 scr.
1089 2825 1162 2883 hlor.
1184 2824 1284 2882 Berol.

221 2913 279 2961 tres
290 2905 441 3038 lleinfflni’
461 2903 538 2979 quod
556 2905 602 2963 ille
622 2905 709 2962 edidit
727 2914 860 2982 tanquam
878 2904 977 2962 eadem
996 2902 1134 2980 elegantia
1150 2900 1305 2972 uictuma

243 2999 277 3039 ue
327 2999 366 3039 er.
387 2983 425 3038 14
455 2984 509 3038 67ε
1087 3025 1092 3033 ,

221 3001 242 3061 q
402 3021 518 3134 datoque
536 3071 644 3134 meror,
665 3055 796 3114 locamus
814 3073 867 3115 suo
885 3053 970 3113 uerbo
986 3060 1148 3131 sequuntur,

221 3141 252 3192 et
270 3151 345 3209 quae
372 3133 484 3208 collegit
508 3134 545 3191 ad
572 3133 641 3189 Her.
669 3137 723 3205 17,
753 3133 819 3189 152.
863 3132 968 3190 Verum
987 3132 1010 3187 si
1028 3130 1178 3208 impleatur
1204 3127 1313 3188 lucri‘

181 3252 184 3261 ι
221 3208 305 3268 verbu
331 3211 399 3266 Her.
427 3213 457 3283 6,
477 3208 527 3284 58,
546 3208 576 3266 h.
595 3226 623 3265 e.
642 3210 722 3286 quasi
747 3208 970 3285 persuadentur,
995 3208 1019 3263 si
1044 3206 1147 3265 cadunt
1169 3209 1200 3264 itt
1220 3211 1269 3265 sia

220 3283 306 3344 verbo
326 3285 459 3344 loorimuc
477 3287 530 3344 Tr.
558 3290 587 3359 3,
606 3283 636 3358 5,
657 3288 706 3356 14,
724 3284 753 3342 h.
774 3303 800 3341 e.
826 3285 904 3360 quasi
928 3283 1052 3341 incidunt
1071 3294 1100 3341 et
1119 3283 1165 3339 illa
1191 3283 1289 3341 inficio

220 3360 448 3419 siodmittoutwr
473 3359 573 3434 flodus
591 3360 723 3423 meaos
748 3365 918 3431 nochelmo,
944 3362 1015 3418 Met.
1038 3367 1086 3435 11,
1106 3360 1175 3432 256,
1197 3378 1255 3419 cur
1279 3378 1294 3415 n

220 3438 250 3495 ’m
278 3436 396 3494 duorum
422 3423 709 3516 complexu‘alterius
733 3438 808 3495 dicta
826 3440 862 3496 ab
888 3438 1000 3496 alterius
1027 3434 1145 3492 lacrimis
1163 3438 1251 3512 quasi
1269 3436 1302 3501 ti

143 3532 148 3550 .
219 3523 306 3591 poeta
331 3514 456 3586 finxerit3
490 3534 541 3571 cur
566 3533 623 3571 non
649 3514 771 3571 omnium
799 3514 968 3592 reliquorum
998 3513 1131 3571 librorum
1161 3514 1299 3575 retineam

219 3590 400 3667 scriptoram:
421 3589 496 3649 dictu
513 3586 601 3649 mets?

298 3669 345 3722 81.
385 3666 571 3725 non‘rorss
594 3699 633 3714 —
651 3684 779 3740 napum.
817 3670 965 3746 Nepotes
989 3664 1051 3723 Pal.
1078 3666 1160 3742 prim.
1187 3664 1279 3723 amul

222 3740 353 3800 Heinsius
372 3741 458 3817 edidit
476 3761 511 3800 ex
529 3742 620 3801 Palat.
645 3744 727 3820 prim.
754 3743 833 3803 Leid.
858 3752 998 3801 senocto
1025 3743 1084 3799 aliis
1106 3751 1134 3800 et
1159 3741 1259 3818 prima

222 3819 309 3876 tione.
330 3818 415 3877 siatol
432 3818 470 3878 ho
488 3821 553 3876 Juu.
572 3818 645 3877 Rev.
665 3819 746 3877 Leid.
768 3823 849 3898 prim.
869 3820 955 3879 Bern.
975 3820 1058 3878 Creu.
1072 3816 1156 3878 simol
1171 3836 1191 3876 o
1209 3816 1287 3876 Pnte

223 3894 335 3973 Reliqui
347 3896 453 3963 Heinsii,
470 3904 499 3954 et
516 3897 604 3954 nostri
623 3894 686 3952 cour
704 3905 772 3954 vett.
791 3898 856 3957 edd.
876 3907 905 3954 et
919 3898 1026 3955 Bersm.
1048 3896 1126 3954 cod:
1146 3896 1238 3954 mmuh
1259 3896 1285 3954 lsi

223 3970 297 4028 idem
320 3971 416 4030 Gneli.
437 3991 518 4049 apr.
538 3991 576 4030 m.
605 3972 751 4046 instruerat,
772 3989 789 4029 a
807 3993 882 4032 sec:
906 3977 968 4047 sinc
985 3993 1028 4031 mc
1053 3973 1211 4030 exhibebat.
1247 3968 1313 4053 ipm'

194 4052 205 4081 ³
224 4047 299 4105 idem
317 4047 449 4106 Heinsius
468 4047 621 4107 introduxit
640 4066 676 4107 ex
695 4048 814 4108 lumin.
840 4051 912 4109 Rev.
939 4050 1020 4111 Leid.
1041 4051 1129 4127 prim.
1155 4047 1256 4108 Palat.

225 4141 287 4182 esc.
313 4124 395 4183 Voss.
416 4143 433 4183 o
452 4143 496 4201 pr.
517 4143 555 4183 m.
581 4124 655 4203 Reg.
682 4123 746 4185 Put.
775 4127 851 4186 Gall.
878 4127 951 4186 Mor.
967 4118 1057 4185 serr.
1089 4124 1168 4183 Busl.
1197 4125 1307 4183 Franco

219 2218 319 2275 lexerit
337 2217 469 2274 Nicolaus
488 2217 628 2289 Heinsius,
646 2217 712 2274 inde
736 2210 891 2296 patarerim
908 2216 1025 2288 facturn,
1046 2224 1077 2270 ut
1097 2213 1181 2289 paolo
1202 2213 1315 2440 psarz}
