2650 4700
201 211 282 288 tto
610 236 614 240 -
653 198 852 265 rnoxusro

208 391 368 453 fabularum
392 390 489 448 cinnas
514 387 708 464 exhiberetur,
735 390 836 467 partim
862 385 1009 449 artificiose
1034 405 1190 470 aerarum,
1215 387 1315 476 par&

208 503 299 567 prope
319 481 436 543 licenter
460 485 545 561 longa
570 482 770 559 digressionum
790 493 819 540 et
845 479 1027 542 emboliorum
1052 485 1174 561 ambage
1199 488 1258 546 sihi
1273 488 1315 548 i*

208 582 297 639 ricem
315 578 548 654 interpositarum.
586 578 688 634 Totius
708 576 842 634 eiusmodi
868 576 1055 636 adornationh
1081 580 1250 657 exemplum
1269 580 1315 640 hi

208 674 259 732 bes
279 671 371 731 Ovidii
390 668 646 747 hletamorphosess
673 669 783 728 subulas
809 669 980 745 potissimum
1007 673 1076 730 duars
1102 671 1245 729 eiusmodi
1264 679 1315 730 ten

208 766 265 824 tiae
289 763 465 823 intercalatas
491 763 678 821 Catullianum
704 764 753 821 tihi
779 779 891 819 carmen
916 764 1059 839 ostendit,
1094 763 1198 841 quibus
1225 771 1315 840 tam*

208 860 281 918 aliae
300 859 328 916 iu
347 857 488 916 cumulum
507 856 653 914 accedunt.
693 854 802 914 Deinde
829 855 903 913 duae
929 858 998 915 istae
1023 856 1155 931 fabulae,
1183 876 1263 935 quae
1277 855 1315 934 iol]

207 961 355 1025 seruntur,
380 950 520 1029 peculiare
541 948 672 1027 quiddam
698 948 818 1023 habent,
845 948 922 1026 quod
948 967 998 1005 cur
1016 949 1209 1009 Alexandrino
1239 949 1315 1016 alid

208 1054 311 1124 poetae
331 1053 477 1121 acceptum
495 1043 627 1117 reserum,
648 1062 684 1100 eo
703 1042 834 1117 efficitur,
853 1043 919 1120 quia
937 1043 985 1099 ubi
1002 1051 1089 1116 extet,
1112 1043 1218 1120 ignoro
1237 1057 1315 1123 prte-

211 1145 256 1194 ter
274 1135 469 1212 Theocritum,
489 1136 528 1194 id.
547 1142 578 1210 2,
597 1154 624 1191 r.
644 1133 700 1192 45:
732 1135 735 1148 “

349 1222 474 1288 Τόσσον
494 1221 558 1303 ligor
578 1218 693 1302 lsi-ior,
712 1219 808 1288 ὅσσον
827 1219 909 1286 πόκα
930 1223 1037 1287 &noio
1056 1221 1155 1308 pout!

343 1312 396 1379 Ἐν
414 1320 480 1404 Δία
499 1319 652 1397 λαιθῆμεν
672 1314 870 1397 ἓϋηλοκάμου
883 1312 1059 1398 Ἀριάδνας,

207 1413 257 1473 uhi
275 1413 381 1474 schola
402 1411 482 1474 κατὰ
491 1407 650 1474 Διονύσον
669 1407 819 1491 βούλησιν
838 1407 926 1494 λήθῃ
946 1411 1004 1472 ταὶ
1019 1406 1225 1492 χρησάμενος
1243 1406 1315 1475 dri-

207 1505 296 1565 λαιεν
321 1500 419 1584 αὐτὴν
445 1502 675 1569 καθεύδουσαν.
723 1510 803 1568 Hanc
833 1511 917 1587 igitur
948 1502 1073 1566 subulam
1098 1526 1116 1566 a
1139 1509 1238 1568 nescio
1261 1527 1315 1587 quo

207 1611 274 1659 ante
293 1601 474 1660 Theocritum
493 1605 533 1661 ite
551 1603 685 1678 vvadatum
711 1621 773 1661 esse
798 1612 929 1681 apparet.
966 1605 1003 1660 at
1029 1600 1127 1660 eodem
1155 1602 1244 1661 modo
1262 1604 1315 1664 Ca·

208 1694 308 1751 tullum
335 1712 398 1766 eam
423 1695 528 1755 hahere
551 1697 627 1755 tides
646 1714 664 1753 e
682 1715 709 1754 r.
731 1700 797 1754 123.
830 1699 916 1765 207.,
942 1694 1043 1754 ubils.
1071 1695 1202 1754 Vossium
1232 1697 1315 1756 nolim

208 1786 317 1862 audias,
337 1789 407 1847 2⁴8.
427 1800 457 1849 et
474 1790 597 1869 inprimis
616 1790 684 1847 253.
724 1789 794 1858 Quis
814 1808 880 1846 vero
899 1788 946 1845 ille
964 1787 1090 1845 Graecus
1108 1799 1197 1867 poeta
1219 1789 1315 1864 feeit,

206 1881 274 1938 tatis
301 1881 366 1939 sciri
391 1886 496 1963 nequit.
535 1884 668 1942 Fortasse
694 1882 756 1954 ille,
785 1900 867 1960 quern
887 1899 905 1937 a
924 1878 1041 1958 Virgilio
1068 1900 1235 1959 expressum
1252 1883 1313 1940 Ma·

205 1974 316 2033 crebius
334 1959 431 2033 umrat
449 1978 563 2035 Satura.
583 1976 614 2051 5,
633 1982 669 2033 2:
691 1977 828 2052 quitata
850 1976 971 2032 Graecos
987 1981 1086 2052 poetas
1103 1979 1204 2035 cutinei
1223 1959 1315 2054 epm!

137 2107 150 2120 s
205 2066 279 2144 qrrod
297 2085 316 2124 o
334 2070 441 2144 nuptiis
466 2073 544 2129 Iouis
560 2077 586 2128 ct
605 2073 722 2130 leuntiis
748 2069 879 2145 incipieus
905 2071 1049 2126 riniuusus
1072 2068 1209 2127 historiae
1228 2069 1294 2119 —‘

204 2177 292 2217 onom
310 2162 408 2217 serim
427 2170 539 2222 coactus
567 2163 719 2237 redoperit,
744 2170 771 2220 et
795 2180 879 2219 unum
899 2179 935 2219 oo:
953 2161 1070 2220 (liversis
1095 2161 1221 2220 hiatibus
1244 2041 1315 2320 q

203 2269 304 2329 porum
331 2270 430 2328 corpus
454 2253 581 2329 offecerit.
626 2256 695 2312 Eius
720 2273 822 2315 nomen
848 2264 942 2333 potest
966 2255 1051 2314 sehse
1074 2257 1200 2331 Arietis,
1229 2273 1310 2336 quen

203 2364 286 2404 uuum
306 2355 335 2404 et
353 2347 431 2406 Arati
461 2348 579 2407 amicum
606 2348 776 2408 Theocritus
802 2352 926 2408 norninat
950 2348 1028 2425 idyll.
1047 2353 1077 2426 7,
1097 2369 1125 2412 r.
1143 2352 1216 2424 99.,
1242 2345 1314 2409 siin*

205 2440 325 2516 genitivo
344 2449 394 2498 aut
412 2440 560 2500 formando
576 2443 689 2515 Suidas,
708 2452 759 2501 aut
777 2443 917 2501 exarando
937 2443 1040 2500 librarii
1059 2444 1226 2503 erraverint.
1264 2444 1311 2502 ut·

205 2542 307 2591 cuntur
326 2535 399 2592 enim
426 2535 503 2612 apud
530 2536 646 2595 suidam
666 2556 690 2595 s.
710 2557 737 2595 v.
766 2530 964 2611 Πείσανδρος
990 2535 1126 2613 quaedam
1152 2536 1228 2595 illius
1252 2554 1311 2595 ean·

204 2627 279 2685 mina
306 2646 368 2686 esse
382 2620 558 2705 Ἀριςέως,
584 2650 641 2688 non
658 2622 832 2706 Ἀρίςιδος.
869 2618 1027 2706 Ἡρωικὰς
1051 2624 1231 2708 θεογαμίας
1246 2626 1311 2690 tuot

203 2738 277 2797 opus
305 2721 466 2799 inscriptum
493 2722 579 2782 fuisse
605 2725 670 2781 olim
695 2725 751 2781 iam
777 2721 918 2801 Gyraldus
945 2721 982 2780 de
1007 2725 1097 2800 poetis
1125 2739 1196 2802 opp,
1222 2729 1255 2799 l,
1280 2730 1313 2802 pl

204 2817 272 2873 127.
295 2814 329 2869 A.
356 2818 504 2890 censebat,
531 2817 579 2895 qui
604 2817 701 2874 titulus
734 2836 792 2876 non
817 2824 988 2893 repugnaret
1012 2828 1180 2892 argumento
1215 2806 1313 2875 earu-l

202 2904 289 2963 liano.
327 2906 386 2965 Sed
412 2919 463 2967 aut
489 2909 545 2967 tale
571 2924 693 2968 carmen'
715 2920 805 2969 toturn
830 2910 1017 2985 composuisse
1046 2896 1247 2968 existimandus

203 2999 343 3070 Catullus,
360 3002 401 3058 uti
420 3001 494 3076 dixi,
524 3009 584 3077 aut,
602 3005 625 3061 si
644 3004 727 3080 hanc,
747 3023 821 3083 quae
840 3011 945 3078 restat,
972 3011 1101 3079 partem,
1128 3022 1204 3081 quae
1224 2856 1313 3135 πῂ

203 3090 277 3151 festa
296 3095 494 3153 coniunctionis
513 3114 575 3153 cum
593 3098 704 3175 reliquis
718 3098 819 3155 indicia
837 3098 873 3155 ab
894 3096 1012 3155 exordio
1031 3105 1135 3171 serrat,
1155 3107 1309 3176 pertracta·

203 3187 254 3260 rit,
273 3190 359 3246 rerba
377 3188 485 3265 singula
504 3190 654 3267 expressit:
681 3189 757 3268 quod
783 3191 835 3259 nisi
853 3189 979 3265 lecisset,
1000 3188 1082 3247 sacile
1101 3199 1219 3268 poterat
1239 3210 1312 3265 com,

204 3280 300 3356 pendit
319 3281 414 3341 facere
434 3286 542 3340 versum
563 3285 619 3342 24:
686 3305 689 3311 ·
1311 3290 1312 3345 ἶ

402 3380 459 3435 Vos
477 3395 525 3452 epo
544 3395 626 3454 socpe
644 3395 715 3452 mco,
734 3395 785 3437 uos
803 3381 924 3437 curatius
942 3376 1120 3455 oompellolo,
1250 3360 1312 3543 A

201 3467 248 3525 cui
266 3477 342 3526 certe
361 3488 416 3526 non
436 3471 571 3544 officiunt,
595 3487 673 3545 quae,
698 3468 806 3529 diuersa
825 3472 958 3549 leguntur
977 3471 1053 3549 apud
1079 3472 1231 3549 interpret.

200 3559 238 3619 ad
257 3561 336 3639 Virg.
356 3566 425 3620 Aen.
446 3564 476 3639 5,
496 3566 544 3620 80.
583 3560 637 3619 Ille
657 3561 730 3620 enim
753 3581 849 3622 uersus
876 3567 990 3624 carmini
1007 3564 1047 3623 illi
1074 3564 1221 3642 prolixiori
1248 3585 1282 3625 co
1310 3588 1311 3597 ¹

199 3655 340 3732 veniebat,
359 3657 464 3736 inquo
483 3659 710 3734 Argonautarum
738 3654 914 3734 frequentem
944 3659 1030 3717 suisse
1054 3659 1231 3718 mentionem

199 3749 298 3829 bathe,
311 3760 364 3812 eet.
403 3750 476 3809 Eum
496 3770 546 3809 cur
563 3750 653 3808 nollet
675 3749 803 3808 omittere
828 3752 972 3826 Catullus,
999 3769 1111 3809 causam
1134 3752 1245 3814 hahere
1263 3772 1309 3832 po·

201 3842 266 3918 tuit,
285 3862 368 3920 quam
388 3842 463 3902 dixi:
484 3840 586 3902 sciolus
605 3862 655 3901 our
674 3842 802 3917 adderet,
821 3845 949 3923 prolecto
969 3845 1074 3903 nullam
1088 3844 1202 3916 hahuit.

278 3938 389 3997 Catullo
408 3938 528 3996 strictius
548 3936 724 3996 Graecorum
745 3938 860 4015 uestigia
877 3941 1015 4017 prementi
1033 3940 1127 3996 similis
1146 3951 1193 4000 est
1202 3941 1240 4002 P.
1255 3944 1306 4000 'l'e-

202 4030 307 4089 rentius
331 4030 427 4094 Varro
456 4033 597 4101 Atacinus,
619 4031 668 4108 qui
696 4040 761 4107 post
786 4032 956 4107 trigesimum
984 4033 1111 4111 quintum
1139 4037 1245 4096 aetatis

202 4140 281 4198 oum,
301 4134 470 4204 postquam,
494 4136 525 4185 ot
539 4115 631 4204 'poto,
657 4125 750 4202 prisco
774 4142 853 4185 more
880 4126 982 4217 bellum
1008 4126 1200 4205 Sequeuicum
1219 4138 1253 4190 et
1268 4146 1304 4189 ra·
