2650 4700
184 243 261 318 arr
310 301 311 308 .
512 270 515 286 ·
630 227 836 320 PR⁰LU³10

187 443 251 485 cum
279 423 332 490 illis
354 422 532 481 contentione
549 425 698 478 armantur
716 435 734 476 a
751 416 865 479 Donato
884 419 933 479 rit.
952 420 981 493 i.
1000 420 1049 479 61.
1071 437 1131 499 sq.,
1162 417 1297 499 quemvis

188 520 226 582 de
243 517 367 577 carmine
384 515 475 574 Catal.
494 516 525 587 7,
545 516 573 570 3.
585 512 660 570 mihil
679 509 891 584 affirmaverim
917 511 993 590 quod
1018 511 1066 570 ssle
1083 513 1145 590 ipse
1166 514 1299 572 Alexan-

189 612 271 673 drum
289 609 496 689 grammaticum
515 606 661 664 instituisse
679 604 781 664 dicitur
795 606 898 664 Donat.
918 610 947 678 §.
967 610 1025 680 775
1051 606 1127 685 quod
1149 607 1299 668 Domitios

68 761 73 771 ,
189 706 298 765 Marsus
318 712 347 763 et
363 702 464 759 Furius
483 697 642 772 Bibaculus,
659 697 704 756 bio
718 700 853 759 Catonem
873 716 979 774 senem,
995 693 1081 778 'quem
1100 697 1169 757 olim
1189 700 1297 758 lands-

189 809 279 874 verat,
299 798 346 856 ille
364 796 392 853 in
410 794 518 863 Cicuta,
538 802 672 870 quantum
689 793 785 871 liquet,
805 793 997 870 grammaticos
1015 793 1189 871 potissimum
1211 792 1301 852 ludos

188 892 337 964 iecerunt3
366 885 489 964 deniquo
509 884 584 962 quod
610 885 726 944 Ovidius
752 886 859 944 decimo
883 885 944 945 fere
969 894 1034 964 post
1052 886 1159 964 Virgilii
1183 886 1298 945 obitum

189 1004 263 1047 enno
284 981 463 1058 contemptim
480 980 588 1056 scripsit
605 978 683 1037 Fast.
704 985 732 1055 3,
751 973 825 1039 729:
1148 965 1152 970 ⁸

338 1079 398 1136 Neo
414 1093 473 1148 oos,
491 1072 574 1131 turbo
590 1070 651 1132 fere
665 1091 751 1132 censu
768 1070 907 1145 fraudata,
926 1076 1055 1152 magistri

373 1170 510 1245 spernite.
530 1195 571 1211 -

190 1261 296 1322 verum
322 1271 385 1320 cum
418 1260 559 1337 virgiliani
585 1270 615 1319 et
638 1260 782 1319 Horatiani
811 1261 944 1320 sermonis
972 1257 1161 1319 studiosissimi
1187 1257 1295 1318 fuerint

173 1343 178 1368 ⁸
189 1355 369 1435 posteriores,
389 1353 444 1413 boc
466 1362 520 1428 est,
539 1373 602 1411 curn
623 1372 657 1412 eo
677 1350 761 1412 modo
782 1355 911 1413 excolere
933 1355 1011 1412 illum
1029 1353 1218 1430 perrexerint,
1239 1371 1295 1430 qus

190 1450 230 1507 illi
251 1456 414 1526 coeperant,
433 1463 507 1524 quae
526 1463 571 1505 res
590 1447 694 1505 altioris
715 1455 760 1506 est
774 1445 919 1524 indaginis,
939 1465 1031 1527 neque
1049 1446 1129 1503 buius
1149 1446 1218 1523 loci,
1237 1444 1305 1512 dis·¹

187 1538 262 1600 fioile
279 1541 354 1600 soret
380 1541 570 1601 demonstrare
594 1541 654 1599 aliis
672 1559 785 1621 quoque
803 1541 831 1597 in
850 1541 952 1615 rebus,
975 1549 1074 1598 ornatu
1094 1549 1122 1598 et
1141 1540 1204 1619 ipso
1225 1555 1295 1620 pos·

187 1643 293 1693 matum
311 1643 484 1711 argumento,
502 1633 612 1692 illorum
631 1620 838 1692 duumvirorum
857 1630 1017 1713 exemplum
1031 1633 1149 1691 multum
1163 1632 1292 1692 valuisse.

187 1724 288 1790 Plures
307 1726 365 1784 sine
385 1723 468 1784 dubio
488 1723 568 1786 Varii
585 1728 617 1802 in
630 1723 791 1805 tragoediae
811 1745 844 1788 ea
863 1726 964 1803 forma,
992 1744 1074 1805 quam
1094 1735 1145 1783 aut
1172 1725 1291 1792 novarit,

188 1830 238 1879 aut
267 1820 403 1895 excoluit,
429 1819 621 1878 auctoritatem
647 1820 735 1879 secuti
759 1829 842 1895 sunt,
868 1837 952 1898 quam
971 1819 998 1875 in
1018 1820 1102 1876 satira
1126 1818 1171 1876 rel
1201 1811 1291 1894 liniris

187 1914 351 1973 Horatium
380 1912 446 1990 quid
471 1913 544 1971 enim
569 1916 662 1991 magni
688 1915 725 1972 de
751 1913 811 1971 lulo
837 1912 956 1971 Antonio
981 1914 1028 2000 ¹rel
1053 1912 1130 1970 Titio
1157 1909 1291 1989 Septimio

189 2002 360 2087 suspiceris?
389 2003 533 2082 Virgssium
556 2002 676 2065 fortasse
701 2025 772 2063 unus
798 2005 927 2063 Rabirius
952 2005 1073 2083 pressius
1098 2006 1223 2063 imitatus
1242 2013 1291 2064 est.

188 2100 275 2170 Quod
297 2108 328 2159 et
345 2117 432 2177 supra
447 2098 574 2174 fecimus,
592 2101 678 2158 serbo
699 2101 872 2177 eloquamur,
897 2097 964 2175 quid
982 2098 1081 2156 abhinc
1099 2111 1205 2179 poetae
1228 2098 1291 2178 pln-

188 2194 250 2253 rimi
267 2191 462 2271 spectaverint.
501 2196 672 2268 Argumenta
697 2192 758 2250 fere
785 2190 898 2259 eadem,
928 2192 1058 2269 exempla
1081 2193 1182 2251 eadem
1205 2187 1293 2251 secuti

97 2301 99 2306 ·
188 2285 328 2361 sidentur,
347 2302 420 2363 quae
438 2284 477 2342 illi
496 2283 611 2361 Virgilio
630 2284 753 2363 priores:
783 2285 822 2342 ita
848 2293 954 2361 tamen,
972 2294 1006 2342 ut
1025 2294 1124 2344 ornatu
1137 2277 1232 2366 'plane
1245 2280 1294 2347 ffi-

188 2379 386 2456 retegemus
405 2379 552 2458 acquisito,
571 2397 654 2455 quem
679 2378 835 2437 rhetoribus
863 2380 1009 2457 acceptum
1034 2379 1213 2454 referebant,
1239 2378 1302 2443 sia.

189 2473 257 2553 gula
280 2473 342 2532 iere
374 2490 481 2550 genera
505 2470 715 2548 amplificarent.
762 2473 786 2530 Δ
813 2469 932 2532 Graecis
959 2474 1159 2533 recenfioribus
1184 2483 1216 2532 et
1243 2472 1292 2550 ipsi

187 2568 366 2647 pendebant3
391 2565 586 2643 grammaticae
611 2580 679 2623 vero
706 2566 772 2622 artis
797 2564 861 2623 loro
891 2563 1029 2625 rhetorica
1057 2575 1127 2626 erat.
1175 2566 1292 2624 Multum

120 2682 121 2685 ¹
188 2660 264 2720 enim
289 2660 440 2719 adiumenti
464 2668 567 2737 poetae
593 2656 674 2715 buius
699 2657 833 2736 temporis
859 2656 895 2713 ab
922 2660 1044 2717 oratoria
1068 2670 1130 2718 arte
1155 2658 1293 2738 accepisse
1313 2640 1314 2711 l

190 2753 328 2830 ridentur,
349 2768 516 2831 quamquam
533 2750 699 2808 ’tantundem'
718 2750 837 2807 sortasse
861 2752 971 2828 poetica
999 2754 1174 2826 oratoribus,
1199 2746 1293 2811 decla·

191 2847 343 2905 matoribus
360 2844 495 2923 inprimis,
513 2842 629 2922 profuit,
668 2842 732 2919 lpse
750 2844 797 2900 ille
817 2862 876 2900 mos
901 2845 1014 2921 publice
1032 2843 1220 2919 declamandi,
1239 2860 1293 2923 qus

190 2959 255 2997 cum
275 2939 456 2998 abstinuerint
474 2937 581 2995 Asinius
599 2935 689 2994 Pollio
708 2945 737 2992 et
755 2935 906 3012 Labienus,
925 2938 981 2996 vid.
1000 2937 1293 2998 Rud'sborbecbimn

190 3033 227 3093 de
245 3033 372 3092 Pollione
390 3051 421 3110 p.
440 3033 502 3107 99,
523 3049 588 3089 usus
607 3039 650 3089 est
669 3030 708 3098 Q.
728 3029 858 3087 Haterius
876 3034 1004 3109 supparis
1023 3032 1133 3106 aetatis,
1152 3020 1211 3090 rid.
1228 3029 1291 3087 liic·

190 3146 253 3189 ron.
272 3126 310 3187 ad
326 3126 431 3185 Euseb.
451 3123 548 3184 ebron.
567 3142 597 3184 n.
616 3125 724 3198 2040„
748 3124 882 3200 originem
905 3136 999 3204 potest
1025 3126 1136 3186 duxisse
1157 3143 1176 3181 a
1195 3123 1290 3183 recito·
1312 3140 1313 3217 p

190 3220 310 3279 tionibus
344 3218 462 3298 publicis
493 3226 642 3295 poetarum
668 3227 699 3276 et
724 3217 890 3295 scriptorum
914 3219 1055 3298 aliquanto
1088 3216 1313 3283 vetustiorrbw

190 3310 247 3371 ssd.
274 3314 375 3371 Horat.
399 3320 452 3371 sat.
480 3317 519 3387 l,
546 3315 584 3387 4,
611 3317 662 3371 23.
688 3326 731 3388 sq.
756 3312 806 3369 73.
830 3300 873 3388 sq.
901 3310 984 3371 Ovid.
1012 3292 1100 3371 Trist.
1120 3312 1152 3386 4,
1178 3313 1228 3385 10,
1245 3306 1291 3368 di.

72 3403 75 3407 ’
192 3408 286 3476 Quem
305 3405 422 3463 Tacitus
440 3400 508 3463 dial.
536 3404 574 3463 de
598 3415 672 3466 orat.
700 3422 727 3463 o.
747 3407 795 3462 20.
818 3420 892 3463 noro
917 3404 1028 3465 dicendi
1049 3405 1158 3483 generi,
1185 3400 1293 3483 quode

191 3499 288 3560 Cassio
313 3497 434 3568 Severo,
461 3496 554 3557 Ovidii
579 3498 641 3558 sere
666 3494 778 3576 aequali
803 3495 990 3557 introductum
1013 3499 1099 3577 paulo
1125 3506 1194 3557 aute
1217 3492 1291 3569 duit,

190 3593 335 3673 propriam
353 3591 420 3649 facit
438 3592 578 3670 poeticum
597 3591 737 3666 decorem,
756 3591 896 3670 quomodo
925 3601 993 3650 tune
1018 3592 1215 3670 acquisiserint
1232 3605 1292 3649 ors·

191 3697 278 3762 tores,
295 3684 389 3743 Arellii
407 3684 490 3742 Fusci
509 3686 667 3762 exemplum
686 3684 769 3744 docet
785 3683 861 3763 apud
875 3684 1014 3744 Senecam
1032 3702 1140 3743 suasor.
1161 3687 1192 3759 3,
1202 3702 1233 3763 p.
1245 3680 1291 3742 27.
1309 3736 1310 3769 ,

189 3780 280 3839 Gron.
302 3777 432 3836 Poeticae
451 3773 562 3854 singula
589 3778 650 3836 iere
678 3796 780 3855 genera
807 3776 908 3835 eodem
935 3787 1061 3857 tempore
1085 3778 1212 3835 colorem
1231 3790 1291 3835 ort·

188 3875 290 3934 torium
309 3873 423 3930 traxisse
448 3869 715 3946 demonstrabimus,
742 3889 798 3949 quo
824 3872 1011 3949 eloquentiam
1040 3872 1216 3929 immutatam
1233 3856 1310 3929 ers

191 3976 309 4028 constet.
348 3964 442 4024 Unum
462 3971 556 4021 tamea
575 3983 663 4041 genas
680 3966 708 4022 in
728 3963 802 4022 bunc
819 3963 934 4023 modom
960 3964 1027 4022 dats
1052 3982 1142 4042 opera
1162 3970 1290 4022 navatus

190 4062 283 4122 aera
308 4054 393 4138 paulo
418 4065 522 4131 autea,
548 4056 711 4135 tragoediae
736 4075 755 4114 a
780 4057 867 4115 Vario
886 4067 917 4117 et
932 4057 1078 4130 Pollione,
1104 4057 1145 4114 uti
1170 4073 1238 4115 mox
1257 4050 1291 4110 sb

187 4146 618 4228 Ovidio,-sliis,nontbest1is,
646 4149 697 4210 sed
726 4148 868 4211 auditoris
892 4152 1029 4229 scriptae,
1054 4148 1112 4208 sid.
1137 4146 1285 4210 wuduo
