2650 4700
290 1300 447 1366 CAPUT
475 1296 757 1366 SECUNDUM.

424 1495 623 1513 m

250 1610 528 1686 vindicasses·
553 1621 790 1688 dissimilis.

32 1745 127 1806 nn'in
148 1751 333 1828 superioribus
358 1754 395 1812 de
421 1752 592 1829 discrimine,
624 1753 701 1830 quod
725 1754 799 1810 inter
823 1752 1022 1813 Callimachum
1048 1763 1078 1816 et

32 1836 109 1896 tridium
131 1841 330 1920 intermiserit,
357 1857 387 1905 et
411 1865 447 1905 ex
472 1857 554 1924 parte
581 1846 618 1904 de
644 1846 733 1903 censis
765 1846 823 1903 eius
851 1845 1012 1905 discriminis
1038 1850 1074 1906 ab

33 1929 119 2008 irimque
134 1935 202 1995 ritae
227 1941 489 2019 staturepetendis
515 1940 735 2017 disputaremus,
765 1939 801 1997 de
819 1938 995 1999 similitudine
1014 1961 1077 2000 car·
1178 1997 1181 2002 ,
1205 1948 1207 1952 ’

32 2020 164 2085 nonnihil
188 2051 259 2110 opus
287 2033 340 2091 suit
364 2033 522 2108 affirmare,
548 2041 661 2110 praeter
686 2031 763 2108 quod
789 2034 927 2091 communi
953 2036 1077 2094 omnium

32 2113 109 2188 piuione
125 2138 265 2202 receptum
285 2137 337 2186 est.
382 2129 413 2185 Si
432 2126 499 2204 quid
517 2126 682 2182 haberemus
702 2124 737 2182 de
757 2143 791 2183 ea
811 2144 852 2199 re,
880 2126 909 2182 in
929 2144 1077 2188 commune

33 2221 89 2265 enum
103 2212 151 2271 iarn
163 2219 361 2278 conferremus.
391 2221 497 2278 Verum
508 2227 599 2277 totum
617 2219 647 2276 in
669 2218 827 2276 coniectura
839 2227 973 2294 versatur,
993 2238 1078 2298 quam

33 2305 174 2384 lnquisque,
194 2308 300 2388 licebit,
320 2330 415 2373 secum
434 2313 587 2401 instituente
601 2312 724 2371 versibus
744 2311 829 2389 ipsius
840 2311 969 2371 Ouidiani
987 2316 1081 2395 operis

33 2393 91 2457 had
103 2406 144 2462 62.
182 2406 247 2473 Quo
268 2407 353 2466 modo
373 2406 575 2464 Callimachum
594 2413 705 2463 secutus
724 2404 759 2460 sit
778 2404 866 2479 Naso,
885 2415 977 2465 unum
996 2425 1012 2466 e
1032 2427 1080 2466 ve-

32 2486 80 2562 lih>
94 2511 124 2552 an
142 2499 262 2573 liberius,
288 2500 455 2558 habueritne
473 2499 616 2575 exemplar
642 2514 737 2557 secum
756 2496 785 2552 in
805 2498 898 2572 exilio,
918 2516 954 2555 an
973 2518 1080 2581 memo·

32 2576 170 2666 torperem,
189 2595 234 2653 nel
253 2604 342 2651 totum
364 2592 498 2651 tenuerit:
527 2588 701 2668 ampliaverit
718 2600 764 2645 ‘ex
787 2589 896 2666 ingenio
923 2611 985 2667 suo,
1005 2611 1042 2650 an
1060 2611 1079 2652 e

32 2669 149 2740 tlcctaoeis
166 2685 232 2745 olim
252 2686 401 2760 institutis,
430 2684 527 2762 quales
550 2676 817 2759 Metamorphoseon
846 2701 930 2742 cause
948 2696 998 2747 aut
1017 2687 1079 2765 ipse

32 2760 137 2849 tonavit,
162 2790 209 2839 aut
227 2782 265 2839 ab
284 2780 395 2855 Hygino
421 2776 544 2854 aceepit:
574 2774 674 2831 harum
700 2775 970 2851 quaestiuncularum
990 2782 1098 2860 otium,

33 2855 71 2915 olis
89 2863 199 2932 facimus.
247 2872 325 2930 Illud
349 2872 505 2948 cognitione
533 2865 622 2926 multo
654 2868 763 2946 dignius
789 2879 850 2946 est,
889 2873 965 2951 qnod
992 2876 1079 2953 quivis

32 2947 98 3013 uetur
113 2975 227 3042 oportet,
253 2965 384 3026 Ovidium
414 2966 442 3022 in
462 2964 543 3031 exilio
569 2961 734 3040 opusculum
764 2964 904 3042 scripsisse
928 2976 1007 3049 tanta
1026 2967 1080 3026 do·

32 3040 90 3105 hune
114 3061 187 3136 copia
218 3060 373 3135 refertum,
407 3068 521 3135 tamque
546 3073 581 3113 ea
604 3073 636 3112 re
661 3055 722 3113 aliis
750 3056 805 3112 suis
834 3058 942 3135 scriptis
974 3060 1078 3135 dispar.

32 3133 137 3205 lffittnirn
154 3160 204 3228 est,
230 3154 299 3232 quin
318 3152 347 3208 in
372 3141 643 3227 hletamorphosibn'rs
670 3157 699 3206 et
725 3146 892 3207 Heroidibus
916 3148 1077 3211 tabularum

32 3226 173 3301 tissimarum
198 3244 349 3305 exilitatem
375 3242 523 3320 aliquando
549 3251 696 3321 pertaesus
724 3239 801 3298 Ibide
827 3240 901 3301 lecto
920 3243 990 3301 illud
1015 3245 1077 3303 Co-

32 3333 84 3380 onae
98 3341 278 3415 usurpandum
297 3337 446 3410 existimet,
469 3333 509 3414 τῇ
531 3331 612 3412 χειρὶ
632 3329 696 3391 dein
720 3329 861 3410 σπείρειν,
880 3327 924 3411 μὴ
946 3327 1009 3417 ὅλῳ
1029 3334 1076 3418 ap‘

32 3406 132 3499 ”ldap‘l
150 3428 219 3491 Istoc
237 3441 327 3491 totum
346 3431 369 3487 si
387 3427 592 3488 Callimacheae
610 3427 755 3484 imitationi
775 3426 905 3504 debetur,
924 3430 1001 3489 unde
1019 3431 1076 3490 iem

32 3494 107 3582 hipra
121 3517 242 3600 imitatio,
262 3524 337 3583 unde
355 3522 424 3580 illud
444 3522 586 3580 consilinm
611 3530 725 3599 poetae,
746 3520 826 3598 'quod
846 3523 907 3600 ipse
931 3523 1080 3601 profitetur

32 3593 174 3686 ¹⁵⁸·0160„
192 3616 362 3679 desciscendi
377 3634 394 3672 a
409 3615 490 3674 solito
509 3634 560 3672 suo
581 3608 684 3670 morel
703 3613 780 3689 Fuit,
800 3614 847 3692 qui
867 3616 907 3673 sic
925 3616 1078 3678 iudicarett'

32 3684 112 3791 hidium
128 3702 153 3761 in
172 3710 329 3771 adversario
357 3708 495 3788 quaedam
523 3704 756 3786 deprehendisse,
782 3709 903 3784 quaein
931 3710 1079 3788 Apollonio

34 3775 161 3880 {ulmechon
186 3803 356 3885 culpaverit:
393 3800 457 3859 binc
482 3801 559 3879 prius
592 3804 695 3857 nornen
722 3798 795 3858 idem
820 3800 861 3858 illi
887 3802 1028 3879 indidisse,
1048 3810 1079 3862 et

32 3882 159 3955 innume„
183 3896 366 3976 imposuisset,
392 3912 505 3952 cannen
533 3911 646 3971 quoqne
672 3891 771 3951 eodem
796 3895 958 3974 inscriptum
985 3896 1078 3974 expri-

32 3966 113 4064 'tudun
133 3985 180 4045 sibi
204 3991 364 4053 destinasse.
409 3988 488 4065 Lege
515 3987 551 4046 sis
580 3987 673 4046 locum
696 3985 780 4044 Ibidis
806 4006 892 4067 supra
914 3989 1075 4064 indicatum,

32 4056 74 4116 ulo
88 4067 210 4159 intelliges
237 4085 368 4146 Ovidium
394 4089 477 4158 certe
490 4097 526 4138 ex
544 4079 707 4152 imitationis
733 4081 847 4140 consilio
875 4083 992 4165 nominis
1011 4099 1078 4153 cau·

680 4279 684 4285 7
744 4203 789 4271 23
