2650 4700
517 169 679 231 mum.
1045 185 1127 259 aaa

46 358 213 432 moeniorum»
227 356 397 436 probationis
413 366 540 416 auctores
553 355 716 420 extiterunt.
735 356 897 418 Rectissime
909 356 1055 421 Ellendtus
1065 363 1124 422 (ic.

45 449 113 509 Brut.
132 471 160 528 p.
182 452 295 510 CXXll.
313 451 391 524 d'cit,
408 453 481 509 arou
502 448 616 509 Caluum
634 469 713 510 omae
731 447 896 528 effloruisse,
916 453 988 530 quod
1010 458 1126 516 Ossaeis

46 546 151 602 Romani
176 563 311 621 opponam
334 546 453 621 possint.
492 542 571 612 Quos
600 545 666 621 quia
691 543 814 604 studiose
832 554 862 604 et
880 564 943 605 eum
962 547 1058 608 labore
1078 568 1127 609 ex·

45 636 188 713 primerent,
207 636 349 696 macrum
366 644 509 714 moturum
536 636 751 713 appellationem
777 646 807 695 et
832 636 885 715 ipsi
908 651 1078 714 meruerunt,
1097 652 1128 703 et

42 728 73 788 ad
89 748 133 788 eos
150 731 372 805 transmiserunt,
391 730 438 809 qui
457 729 573 808 coeptae
602 730 662 788 viae
688 731 852 790 insisterent.
891 730 918 791 E
937 753 1054 813 quorum
1074 753 1126 793 nu·

45 840 108 881 mero
126 843 179 881 non
199 825 252 882 nisi
270 824 402 881 nominari
421 822 533 901 quidam
561 832 697 902 possunt,
715 823 852 883 Domitius
877 824 986 883 Marsus
1013 827 1126 888 Meloe·

34 915 104 984 ,tridie
121 927 230 992 auctor,
250 918 286 975 de
305 938 360 997 quo
387 917 499 976 nomine
526 917 675 976 rectissime
702 917 806 977 iudicat
831 918 1004 978 Weichertus
1032 918 1124 981 Poett.

46 1008 92 1065 rell.
108 1028 135 1086 p.
153 1013 242 1086 262„
263 1011 375 1070 Cassius
393 1010 562 1084 Parmensis,
582 1010 725 1087 elegorum
745 1013 875 1089 scriptor,
896 1011 952 1071 vid.
970 1012 1124 1072 Weiclrert.

45 1100 93 1158 libri
108 1102 163 1160 eius
181 1105 294 1163 nornine
312 1105 435 1181 inscripti
453 1123 483 1182 p.
503 1106 583 1180 226„
603 1122 724 1182 quocum
744 1106 809 1183 quia
832 1106 961 1166 Tibullus
980 1125 1125 1183 compara·

48 1196 133 1263 torah
157 1197 293 1273 Horatio,
319 1215 433 1255 necesse
459 1206 502 1257 est
529 1197 652 1257 cultioris
679 1199 813 1258 sermonis
831 1208 907 1258 certe
932 1200 1043 1272 nomine
1061 1200 1125 1275 illis,

47 1304 102 1361 quos
111 1292 307 1365 recensuimus,
324 1291 417 1350 similis
426 1289 520 1349 luerit.
558 1289 747 1365 Cornificium,
766 1292 889 1369 quamvis
909 1290 1030 1350 diversos
1044 1291 1125 1351 huius

47 1382 143 1440 nominis
166 1393 281 1461 poetam
306 1394 336 1442 et
359 1386 567 1462 grammaticum
586 1383 677 1441 viaciat
701 1383 875 1442 Weichertus
899 1384 1125 1464 Re11.p.1aa.,

47 1470 73 1528 C.
88 1473 207 1551 Valgium
233 1476 357 1550 Rufum,
384 1478 425 1535 M.
453 1476 523 1536 Fur.
550 1475 714 1562 Bi'baculnm
740 1477 919 1554 grammatica
945 1480 1028 1538 etiam
1054 1480 1125 1537 scri-

46 1566 115 1640 psisse
130 1559 239 1629 scimus.
279 1570 315 1648 §.¹
332 1570 478 1634 Memmius
498 1571 641 1628 Gemellus
666 1574 693 1628 iu
720 1570 850 1628 codicillis
878 1582 953 1631 certe
982 1591 1124 1650 gramma·

48 1657 82 1713 tici
102 1680 182 1737 opera
208 1683 274 1721 usus
294 1673 337 1721 est
363 1673 494 1721 narrante
519 1664 653 1722 Suetonio
680 1664 717 1722 de
741 1664 782 1722 ill.
811 1682 854 1740 gr.
881 1682 907 1721 c.
927 1665 982 1723 14:
1007 1664 1124 1724 forsitan

48 1749 112 1824 igitur
127 1756 152 1811 in
171 1757 270 1815 litteris
289 1776 410 1835 quoque.
449 1758 493 1813 De
512 1756 548 1815 C.
568 1755 669 1814 Ticida
687 1756 760 1814 idem
778 1755 900 1834 probare
921 1757 1029 1815 ridetur
1047 1758 1123 1816 Mes·

47 1845 105 1902 calae
120 1847 219 1906 dictum
240 1848 317 1926 apud
335 1849 454 1907 eundem
473 1850 589 1908 Sueten.
611 1867 636 1906 c.
657 1851 687 1905 4.
807 1923 811 1928 ἣ

105 1939 158 1997 Sed
176 1929 354 2020 insigniorem
373 1943 401 2000 in
421 1943 536 2001 modum
557 1959 603 2017 ea,
623 1960 697 2020 quae
715 1941 753 2001 de
778 1943 1018 2020 grammaticorum
1038 1962 1126 2022 opera

49 2040 70 2085 et
84 2043 216 2109 poetarum
239 2036 346 2093 ratione
364 2035 493 2110 diximus,
511 2035 711 2093 confirmantur·
736 2033 866 2115 exemplo
885 2036 980 2096 Valet.
1000 2037 1127 2112 Catonis,

48 2133 197 2197 gramarutioi
215 2131 330 2201 anniani,
349 2133 446 2206 optimi
469 2136 583 2206 ascetae,
608 2130 649 2187 uti
667 2147 686 2187 a
704 2128 790 2189 Furio
808 2130 944 2190 Bibaculo
969 2126 1126 2210 appellatus

50 2228 95 2292 est3
111 2223 144 2279 ab
162 2224 220 2292 aliis
242 2241 318 2297 vero,
338 2232 409 2282 teste
427 2223 545 2281 Sueton.
566 2242 591 2281 c.
613 2228 667 2281 ll:

317 2318 385 2377 Ceto
402 2317 612 2394 grumumticus,
630 2319 739 2378 Latiae
757 2319 851 2396 Siron,

316 2414 372 2484 eri
390 2410 467 2470 eolus
485 2409 550 2487 legit
568 2417 594 2468 ot
611 2408 683 2483 fauit
700 2419 808 2486 poetae.

51 2494 117 2562 Quod
139 2499 225 2580 quale
251 2505 300 2579 sit,
327 2507 416 2562 minus
449 2504 573 2562 existimo
604 2502 720 2579 intelligi
746 2521 763 2562 e
788 2504 931 2582 prooemio
957 2503 1126 2565 Horatianus

52 2593 131 2652 satirae
154 2598 201 2655 lib.
225 2604 255 2671 l,
281 2601 348 2671 10.,
374 2598 420 2654 ubi
444 2607 474 2655 ct
499 2595 642 2667 defensor,
666 2606 694 2653 et
713 2596 875 2654 emendator
893 2598 990 2656 Lucilii
1015 2595 1125 2670 dicitur,

50 2701 114 2756 quam
131 2707 163 2746 ex
181 2709 301 2769 operum
319 2692 377 2748 eius
399 2694 510 2749 Dianae
528 2699 558 2747 et
574 2689 686 2761 Lydius
705 2707 769 2747 cum
787 2691 852 2769 ipsis
870 2691 1036 2764 nominibus,
1055 2704 1128 2770 quae

52 2776 200 2841 Graecorum
227 2802 344 2858 eorum,
370 2804 441 2863 quos
466 2803 551 2864 supra
569 2803 598 2862 p.
619 2785 688 2841 346.
707 2793 737 2842 et
760 2783 844 2843 modo
863 2804 893 2864 p.
910 2787 978 2846 362.
998 2783 1128 2842 indicari·

51 2886 104 2941 mlx,
121 2877 333 2936 aemulationem
353 2878 488 2956 produnt,
507 2889 567 2935 tum
586 2876 688 2934 iudicio
706 2877 824 2937 Ticidae
842 2877 929 2938 hocs·

197 3040 200 3045 ¹
266 2971 360 3044 Lydia
378 2971 525 3031 doctorum
542 2964 671 3029 maxima
690 2989 756 3029 curu
777 2970 861 3042 libera
963 2988 965 3001 “

51 3053 108 3117 docti
130 3077 221 3124 autem
247 3084 339 3144 neque
364 3067 382 3123 ii
406 3076 488 3140 sunt,
504 3083 594 3142 ¹parma
618 3083 688 3142 quos
713 3065 746 3122 do
770 3064 873 3122 talibas
895 3064 1069 3135 numinibus,
1087 3082 1142 3124 eo.-

40 3161 175 3217 ,intumas
192 3159 326 3217 iudiciuae
343 3166 384 3218 est
403 3161 555 3232 (Koureour),
578 3156 652 3236 quod
673 3158 738 3216 dicit
757 3158 903 3216 Putsclrius
922 3177 947 3214 r.
967 3156 996 3213 d.
1016 3155 1052 3214 de
1070 3156 1129 3214 Va·

51 3239 90 3301 let·
107 3248 217 3311 Catonis
235 3254 372 3330 poematis
390 3273 421 3333 p.
442 3253 500 3327 53,
526 3269 617 3329 neque
643 3270 746 3325 omues,
766 3253 863 3328 quiin
889 3249 984 3327 ulique
1001 3252 1059 3308 siue
1077 3249 1131 3313 ‹lo-

51 3340 134 3429 lllam
158 3348 216 3404 siue
233 3365 265 3406 re
289 3365 464 3425 quantaque,
490 3348 520 3404 itt
545 3363 600 3422 qua
626 3347 729 3421 ingenii
751 3347 796 3402 uis
823 3348 959 3419 cernitur,
984 3344 1132 3420 accedunt,

51 3446 110 3504 quae
126 3437 230 3497 Loersii
249 3458 275 3498 v.
295 3439 324 3498 d.
352 3442 436 3499 uerba
462 3447 528 3497 sunt
552 3439 581 3495 in
607 3437 681 3496 Mus.
710 3437 801 3496 Rheu.
831 3443 861 3513 3,
879 3457 910 3515 p.
929 3441 1014 3509 238„
1039 3437 1132 3497 cedri

50 3520 79 3578 de
95 3533 175 3603 poetis
195 3533 304 3603 dicitur,
324 3551 373 3590 eos
391 3543 482 3607 notat,
508 3551 578 3610 quos
597 3550 684 3591 aoooe
702 3531 789 3588 dictos
813 3550 898 3610 supra
919 3531 1051 3606 ridirnus,
1079 3532 1131 3590 do·

49 3630 118 3678 ceule
141 3623 279 3684 Bruklrus.
306 3626 342 3683 ad
368 3628 435 3699 Tib.
461 3632 491 3701 3,
511 3630 540 3696 6,
559 3630 606 3684 41.
633 3623 816 3700 Rernlrardyo
842 3624 877 3680 V.
903 3622 967 3682 Dss.
994 3625 1058 3688 hist.
1077 3625 1130 3683 litt.

51 3705 120 3774 Rom.
138 3737 166 3795 p.
192 3716 260 3778 95.
287 3721 378 3798 Atque
403 3710 475 3779 inter
501 3719 633 3778 eiusmodi
657 3730 755 3797 poetas
782 3716 888 3774 medius
913 3731 1071 3776 recensetur
1094 3720 1132 3776 ab

53 3797 138 3865 ovidio
161 3814 250 3871 Trist.
276 3821 312 3890 2,
338 3817 405 3872 436.
450 3814 539 3870 Huius
563 3814 645 3889 igitur
671 3813 736 3886 riri,
772 3813 878 3869 Cinnae
908 3813 1132 3885 coniunctissimi,

52 3894 75 3951 ln
91 3919 141 3976 quo
160 3908 241 3965 studii
267 3908 439 3986 grammatici
463 3918 540 3964 tanta
566 3925 628 3963 cum
655 3919 715 3964 arte
742 3908 852 3985 poetica
881 3907 1044 3976 coniunctio,
1065 3907 1133 3964 artis

53 3996 118 4053 lanta
134 4006 329 4060 consummatio
348 4005 412 4076 l'uit,
433 4011 565 4080 quantam
585 4013 724 4058 assecutos
751 4020 798 4057 eos
826 4020 926 4079 neges,
953 4019 1023 4078 quos
1047 4017 1133 4079 supra

53 4088 244 4172 nominavimus,
262 4096 399 4178 quaedam
420 4107 515 4155 extare
543 4094 703 4153 creduntur.
743 4095 772 4152 lu
793 4095 931 4154 codicibus
950 4093 1022 4153 euim
1041 4094 1133 4154 minu·
