2650 4700
227 171 281 249 gg
594 166 631 228 r.
650 168 771 230 outnu
789 168 957 266 ausonis
1035 267 1038 268 7

182 366 225 423 8⁰·
251 373 255 378 ·
284 354 423 434 Indicio
447 357 589 459 possint
613 355 821 437 candidiore
845 356 931 457 logi.
1059 356 1081 400 .·
1157 356 1163 366 '
1297 367 1299 460 i

148 487 150 492 ’
230 461 329 538 Esse
355 460 420 537 sed
447 464 540 536 irato
566 463 645 559 quis
670 468 707 541 te
732 463 813 537 milri
838 465 967 562 posset¹
989 457 1149 537 ammos?
1179 469 1183 476 ’

281 563 1164 664 ffimmfflmmwm.

230 663 324 745 cum
349 669 471 765 coepit
492 673 663 764 quassata
688 664 813 742 domus
837 665 1037 759 subsidere,
1060 670 1183 768 partes
1299 761 1300 770 .

281 769 325 845 lu
347 768 570 872 proclinatas
594 791 699 846 omne
724 770 897 848 recumbit
920 792 1031 848 onusc

676 922 725 981 80.
762 919 876 981 Iudicio.
1299 869 1300 930 l

229 1060 288 1130 Qui
306 1062 355 1120 tibi
374 1063 451 1123 iocos
462 1067 542 1125 ‘Artis
560 1067 712 1125 amatoriae
729 1063 872 1144 recitarit,
898 1063 926 1124 id
953 1061 1062 1140 effecit,
1091 1081 1129 1123 ne
1145 1071 1177 1127 to
1195 1060 1300 1140 aequiore

228 1140 320 1208 animo
340 1141 437 1199 laudes
457 1162 562 1221 amque
580 1156 642 1201 tuas
660 1145 720 1221 ipse
745 1142 862 1218 legeres.
899 1141 1036 1201 laudiciam
1063 1140 1223 1210 candidam,
1245 1135 1300 1216 quod

151 1241 154 1247 κ
226 1214 393 1293 interpretes
416 1221 517 1295 torsit,
543 1240 599 1278 non
623 1220 706 1278 facile
730 1219 932 1296 improbarem:
964 1215 1067 1277 condor·
1092 1218 1167 1276 enim
1190 1228 1218 1275 et
1238 1215 1298 1292 [ovd

225 1310 313 1370 saepe
331 1294 556 1370 significationem
575 1298 691 1353 invicem
711 1304 892 1367 commutant,
912 1294 963 1354 csr.
982 1294 1067 1351 Pont.
1086 1299 1117 1370 3,
1136 1295 1168 1370 4,
1187 1298 1237 1352 1³2

458 1372 571 1430 Viribus
587 1371 693 1445 infirmi
710 1379 800 1431 oestro
819 1371 940 1430 candore
957 1369 1096 1441 commum

225 1440 294 1503 Her.
314 1449 345 1518 2,
364 1447 414 1505 64.
452 1434 624 1524 Simplicitas
648 1449 732 1525 dipna
750 1449 848 1506 sarcre
873 1447 940 1523 fuit,
960 1456 989 1506 et
1013 1449 1053 1505 ita
1074 1447 1160 1524 gloss.
1184 1443 1241 1504 cod.
1256 1443 1298 1501 Re·

224 1519 318 1579 laud:
339 1522 507 1597 candidiore,
528 1523 693 1601 baaipaiore.
732 1524 783 1582 cfr.
809 1524 929 1583 Martial.
949 1524 971 1600 l,
990 1525 1020 1593 7,
1047 1525 1215 1601 epigramma
1232 1530 1299 1578 rotun

226 1599 273 1656 99.
313 1597 370 1654 Sed
392 1618 442 1656 cur
467 1601 579 1660 eosdem
605 1603 690 1659 libros
716 1601 880 1676 amatorios3
903 1601 952 1659 alii
979 1601 1053 1658 enim
1078 1609 1225 1677 antequam
1245 1596 1296 1655 relc-

188 1743 196 1749 ι
225 1673 474 1748 gareturOridius,
494 1678 563 1735 nulii
581 1690 695 1756 praeter
713 1680 849 1737 Heroinas
867 1677 970 1755 publici
987 1678 1053 1734 iuris
1070 1676 1137 1734 iacti
1158 1683 1246 1747 erant3
1261 1689 1295 1732 rtt

224 1748 337 1806 eosdem
354 1752 438 1810 modo
458 1755 494 1810 ab
513 1755 567 1811 alio
586 1756 716 1813 recitatos
740 1754 818 1811 audit
842 1754 1000 1830 Augustus,
1024 1749 1124 1811 deinde
1149 1753 1208 1830 ipse
1230 1741 1301 1827 tegili«

222 1821 301 1889 Num
318 1827 427 1885 lascivia
445 1830 493 1887 illa
513 1841 614 1907 captus
630 1832 759 1908 repetiuit
776 1827 944 1888 lectionem?
964 1831 1044 1887 Haec
1060 1830 1222 1899 absurditas,
1237 1835 1301 1906 puto,

222 1901 332 1978 impulit
350 1904 502 1977 Heinsium,
521 1908 681 1977 Francium,
700 1908 886 1966 Scluaderum
908 1917 939 1966 ut
955 1908 1080 1985 spurium
1104 1905 1233 1963 distichon
1249 1913 1301 1980 pro*

222 1979 398 2041 nunciarent.
452 1983 585 2057 Accedit,
617 1984 693 2061 quod
719 1984 766 2042 illa
798 1985 935 2061 scriptura
968 1984 1195 2060 paucissimorum
1220 1975 1295 2039 estli-

222 2053 352 2114 brorumc
381 2076 486 2136 monam
503 2067 530 2117 tc
555 2064 716 2118 venerantia
740 2068 848 2118 tantum
873 2070 929 2117 tres
955 2058 1037 2118 codd.
1063 2059 1100 2117 de
1125 2076 1211 2135 grege
1231 2054 1295 2113 Heio·

222 2131 363 2200 danorum
389 2142 418 2190 et
443 2136 565 2193 eiusdem
597 2139 687 2213 prima
720 2137 804 2195 editio
838 2135 977 2194 exhibent.
1031 2136 1095 2193 Reli
1115 2138 1143 2193 ui
1177 2133 1233 2193 libri
1257 2129 1294 2188 tlt

218 2207 316 2265 ‘ornnia
335 2219 363 2267 et
382 2228 466 2267 sensu
484 2212 632 2271 destituta:
660 2232 713 2289 quo
732 2220 758 2271 te
775 2213 840 2271 Put.
860 2212 936 2271 Gall.
956 2212 1030 2270 Mor.
1048 2156 1127 2270 null.
1146 2210 1225 2269 Leid.
1241 2217 1294 2296 nteg-

222 2298 298 2359 que,
328 2284 460 2345 Francos.
487 2290 552 2346 dun.
578 2290 642 2348 cod.
667 2290 776 2346 Bersm.
800 2289 919 2365 Seguer.
943 2289 1064 2347 Relaud.
1092 2288 1234 2366 duodecim
1255 2283 1294 2342 stu.

251 2376 298 2416 tae*
310 2367 338 2418 ie
355 2373 475 2441 uterque
491 2365 582 2425 Palat.
600 2368 684 2444 prim.
702 2366 785 2425 Polit.
805 2368 886 2444 prim.
906 2366 997 2424 Vatic.
1015 2367 1097 2446 prim.
1118 2365 1302 2429 Ambrosiam,

245 2438 322 2512 ercii,
342 2437 427 2500 Bern.
447 2441 543 2499 Gnels.
562 2461 612 2500 sex
631 2445 748 2502 Heinrii.
775 2447 816 2501 cic
831 2450 857 2500 te
865 2444 974 2520 reliqui,
985 2443 1080 2501 Berol.
1092 2443 1228 2501 Crevenn.
1237 2439 1302 2523 ten,

220 2511 285 2569 cdd.
299 2533 412 2574 omnes:
432 2524 502 2577 atta.
528 2519 679 2587 Quomodo
690 2530 748 2578 tarn
763 2520 901 2577 dissimilia
915 2521 1053 2577 conciliari
1063 2516 1203 2598 possuntt
1220 2518 1302 2595 istaec}

209 2607 284 2664 φο,
305 2610 386 2667 (μου,
406 2612 461 2652 non
480 2611 544 2652 raro
563 2598 648 2654 ctiam
667 2615 771 2674 meoque
788 2614 841 2675 per
858 2596 1052 2674 compendium
1069 2598 1174 2673 scripta
1194 2597 1219 2652 in
1236 2586 1302 2649 codd·¹

102 2684 111 2709 i
219 2675 251 2733 et
274 2667 326 2724 sibi
349 2680 414 2726 suut
438 2671 573 2729 simillima
600 2683 629 2730 ct
656 2674 715 2730 aliis
740 2673 857 2731 voculis:
885 2691 969 2749 quam
995 2682 1024 2731 et
1048 2690 1142 2749 qum
1181 2668 1294 2730 Posterior

218 2743 420 2801 restituendum
439 2750 612 2823 putaverim
638 2751 697 2807 eius
716 2752 789 2817 enirn
813 2749 978 2826 glossemata
1000 2748 1144 2823 videnturr
1171 2753 1211 2807 cic
1229 2755 1253 2803 ct
1270 2746 1302 2800 a.

219 2817 268 2875 Sia
287 2838 371 2894 mam
388 2824 475 2892 malis,
494 2827 615 2883 nascitur
634 2828 812 2899 constructio,
832 2828 909 2883 cuius
928 2826 1055 2905 exempla
1074 2827 1211 2902 congessit
1218 2817 1295 2882 illotlb

218 2893 260 2951 nd
285 2896 358 2954 Stat.
382 2899 442 2957 silv.
467 2900 505 2975 5,
534 2906 571 2975 3,
603 2907 673 2959 211.
699 2913 728 2960 et
752 2906 836 2975 219.,
868 2902 1003 2960 seriorum
1038 2910 1132 2959 tamen
1164 2911 1293 2959 unctorum·

218 2968 278 3047 Sed
303 2975 387 3030 etiarn
412 2993 447 3033 aa
463 2980 577 3048 nostra,
602 2998 655 3056 pro
675 2999 731 3055 quo
750 2978 814 3037 cod.
835 2978 935 3036 Creu:
960 2981 1019 3037 iam
1036 2982 1158 3053 nostris,
1177 2974 1294 3036 Palatium

218 3047 330 3123 primus.
341 3058 372 3107 et
391 3050 436 3108 ed.
457 3053 562 3111 Heinsii
580 3058 728 3133 princeps:
751 3073 825 3112 nuno
849 3057 966 3129 nostem,
994 3054 1045 3112 cfr.
1067 3061 1096 3129 1,
1114 3061 1146 3128 2,
1166 3056 1213 3111 42.
1231 3067 1294 3119 ram,

218 3125 381 3183 mutandum
402 3146 503 3187 censeo
523 3133 569 3188 in:
589 3131 622 3188 de
639 3134 755 3200 nostris,
775 3150 831 3187 non
849 3131 1015 3206 Burmanni,
1034 3132 1083 3208 qui
1098 3131 1174 3188 idern
1192 3125 1295 3193 tentarit,

218 3201 333 3274 vestigia
353 3204 458 3279 legens,
478 3207 528 3263 sed
548 3208 611 3265 cod.
632 3209 807 3284 Segueriani,
837 3226 872 3264 ex
893 3227 948 3284 quo
975 3208 1131 3265 Tennulius
1156 3223 1258 3264 manum
1273 3199 1296 3256 li·

216 3273 301 3365 bracii
319 3277 440 3338 imitatus
459 3282 523 3341 lnuic
547 3285 713 3342 simillimum
736 3294 907 3342 enotarernt.
945 3285 1052 3342 Totum
1078 3284 1161 3361 igitur
1184 3277 1295 3343 condor

170 3392 180 3403 «.
215 3360 256 3409 tta
273 3356 424 3414 concinnos

396 3435 527 3493 Garunna
546 3434 702 3501 danastrin
721 3454 782 3494 carm
802 3443 828 3495 te
844 3440 1005 3497 ooacrantia
1023 3434 1103 3496 libris

240 3576 242 3579 ¹
432 3512 539 3571 iudicio
557 3517 667 3588 possint
685 3511 839 3572 candidiore
858 3514 925 3589 lepi3
1186 3568 1190 3584 ‚

214 3600 300 3641 ceusu
318 3603 372 3663 per
388 3605 420 3644 se
438 3592 628 3665 apertissiru03
649 3589 685 3647 de
704 3599 843 3647 structura
862 3596 913 3650 cir.
938 3589 1002 3649 infr.
1021 3591 1157 3664 3,4,1t,
1176 3592 1224 3646 12.
1257 3585 1296 3640 it-

216 3658 366 3718 dieio-non
387 3683 483 3722 omnes
502 3669 562 3722 lere
590 3667 669 3738 libri,
697 3666 772 3742 quod
798 3667 864 3724 dicit
888 3668 1080 3739 Burmannus,
1108 3677 1199 3723 tamen
1224 3660 1295 3719 Pelei·

214 3746 279 3794 uter
300 3757 345 3807 ue,
365 3739 430 3798 Put.
451 3760 495 3818 pr.
515 3741 580 3797 Vat.
600 3741 681 3801 Leid.
701 3753 829 3819 uterque,
848 3744 914 3800 Jun.
935 3743 1000 3800 cod.
1025 3743 1134 3801 Bersm.
1153 3739 1246 3802 Guelf.
1262 3731 1295 3792 eb

211 3830 258 3946 pp.
315 3815 392 3873 eiucii
417 3828 446 3873 et
473 3819 676 3897 quatuor‘alii.
720 3827 832 3894 possent
856 3820 940 3877 codd.
966 3818 1039 3879 Mor.
1065 3819 1161 3877 Guelf.
1188 3836 1207 3875 a
1228 3835 1250 3872 e.
1266 3828 1295 3867 m·

239 3891 277 3947 el.
297 3893 382 3951 Creu.
422 3901 537 3969 poscunt
556 3892 636 3956 Busl,
656 3894 742 3952 Bero.
763 3895 859 3953 (iucif.
879 3915 961 3974 apr.
985 3916 1024 3953 rn.
1044 3898 1125 3974 prim.
1152 3894 1186 3953 ed
1205 3891 1296 3957 neuin

209 3967 333 4044 quinque
361 3968 416 4030 alii.
463 3971 598 4027 Jacolrum
626 3972 800 4029 Gronoviurn
828 3970 909 4029 rideo
934 3973 961 4030 in
992 3973 1145 4050 exemplari
1177 3988 1226 4028 cuo
1248 3981 1296 4022 cor·

208 4044 327 4101 rexisse:
349 4044 482 4105 dormine
500 4066 556 4106 noa
574 4066 604 4105 n.
625 4064 730 4126 quiaque
749 4056 774 4106 io
792 4066 818 4107 o.
840 4046 865 4105 l.
878 4047 948 4109 dud.
969 4069 996 4127 p.
1016 4066 1043 4106 a.
1060 4046 1105 4107 bi
1123 4057 1212 4107 acute.

280 4120 329 4180 84.
370 4138 614 4189 rnecurnnrna.
652 4125 807 4187 declinatas
821 4124 916 4185 Putat.
935 4145 994 4186 sec.
1014 4122 1101 4189 Bere.
1122 4125 1184 4185 cod.
1201 4121 1302 4184 earm:
