2650 4700
208 189 262 276 qq
575 179 993 248 >murmuramus

157 389 197 449 ao
260 369 469 454 Threiciam
489 370 609 473 tetigt
630 370 733 450 fessa
757 369 881 460 carina
905 359 1059 452 Sanun*

207 475 338 556 Saltus
363 477 409 552 ab
433 475 507 554 hac
527 483 626 553 terra
650 478 775 553 brevis
797 482 856 553 est
880 475 1067 577 Tempyra
1086 478 1249 582 petentia

232 587 236 588 *
259 579 342 657 Hac
367 578 544 654 dominum
567 584 674 656 lenus
698 585 757 656 est
778 577 844 656 illa
867 585 995 655 secuta
1018 597 1130 664 suum.
1206 627 1214 636 ι

210 680 309 757 Nam
331 681 414 757 mibi
439 684 622 757 Bistonios
647 681 783 783 placuit
806 679 902 783 pede
924 704 1077 782 carpere
1098 702 1268 782 compost
1309 717 1310 748 r

126 786 129 795 ’
261 783 977 884 neuesponuaoasnn-rengnaqum
1258 755 1310 948 q

157 900 196 962 aa
213 879 500 992 Dardaniamque
524 888 614 988 petit
641 890 799 964 auctoris
824 909 954 963 nomen
978 882 1196 979 habentem

172 1093 177 1102 ι
211 1055 217 1065 .
256 987 309 1066 lut
333 996 371 1066 te
395 985 562 1083 ruricola,
585 989 803 1094 Lampsaco
826 995 904 1066 tuta
928 989 1019 1081 deut

209 1147 252 1214 lari
270 1154 355 1213 flurin
373 1154 401 1213 id
420 1154 546 1217 futurum
562 1154 649 1231 fuisse
667 1153 982 1235 putaritSclrraderusl
1000 1174 1037 1215 nn
1057 1154 1203 1216 Bistonius
1221 1167 1305 1229 equor

86 1249 105 1264 ²
211 1231 250 1292 rie
267 1231 412 1290 Bistonide
438 1233 484 1290 uel
508 1229 565 1291 alio
584 1234 725 1291 Thraciae
749 1233 813 1291 lacu
833 1235 1030 1312 interpretatus
1059 1229 1124 1296 est?
1149 1231 1304 1304 Unumque

208 1307 327 1370 difficile.
339 1310 461 1387 probatu
480 1309 574 1368 suerit.
612 1311 691 1372 Haec
710 1311 798 1380 altera
816 1311 954 1387 nauigatio
972 1309 1117 1388 proposita
1132 1303 1301 1373 causaeiuit,

207 1394 242 1446 ut
265 1386 345 1444 nobis
369 1385 600 1462 persuaderemus
624 1387 651 1448 iu
678 1387 871 1450 Samothracia
892 1388 954 1465 ipsa
978 1388 1064 1444 istaec
1081 1383 1219 1443 'Ovidium
1242 1381 1300 1438 scri·

208 1461 294 1537 bere3
318 1463 464 1520 confirmat
481 1461 536 1521 boc
552 1482 580 1519 v.
599 1463 658 1537 453
677 1482 743 1537 mox
761 1465 939 1521 traiecturum
964 1464 1028 1528 nari
1051 1461 1140 1519 altera
1164 1462 1194 1518 iu
1213 1457 1310 1528 Thra,

207 1539 297 1612 dam,
324 1549 356 1596 ut
380 1550 498 1612 proter
521 1539 668 1615 Tempyra
692 1541 745 1597 iter
769 1550 901 1598 terrestre
925 1541 1089 1598 institueret.
1128 1537 1193 1604 Hoc
1211 1555 1238 1592 v.
1256 1537 1310 1588 21:

205 1614 384 1691 significatur.
451 1634 496 1671 am
520 1615 596 1691 quod
620 1616 791 1674 Schraderus
816 1626 902 1690 negat
926 1635 1022 1674 rocem
1045 1613 1137 1671 sullus
1160 1611 1198 1669 de
1224 1610 1299 1667 inter*

205 1693 380 1749 utitio'maris
398 1710 560 1765 occurrere,
575 1710 628 1750 nec
645 1692 682 1750 de
703 1694 847 1750 interstitio
867 1703 958 1751 terrae
976 1692 1098 1749 forsitan·
1109 1705 1211 1765 reapse
1231 1685 1300 1764 quis*

204 1775 290 1906 quam
324 1769 476 1901 usqrpagit.
524 1767 584 1826 Sed
610 1768 647 1827 de
672 1777 791 1848 utroque
825 1768 879 1828 dici
905 1769 1046 1847 potuisse,
1079 1767 1214 1824 evincitur
1244 1765 1299 1824 leet

229 1850 326 1904 anal
405 1847 427 1901 7
451 1866 462 1908 t
966 1894 969 1902 .
1246 1881 1251 1888 ·

210 1945 214 1954 ¹
328 1884 340 1922 ⁹
360 1886 417 1980 P’er
433 1928 543 1987 tantem
560 1928 661 1996 errae,
681 1928 723 1981 tot
741 1940 842 1999 aquas,
862 1923 912 1981 uir
931 1919 1038 1984 medae
1055 1929 1170 2000 possam

213 2044 218 2053 .
405 1997 543 2058 ratetum
561 1999 647 2057 claudii
664 2000 845 2058 transsiluisse
862 2002 925 2057 mei.

204 2070 274 2132 Noli
299 2091 367 2150 ergo
392 2069 432 2131 lr.¹
449 2075 469 2132 l.
488 2093 552 2131 cnm
575 2073 733 2133 Forcellino
755 2077 786 2132 in
811 2076 899 2133 lexico
924 2072 1029 2133 sallem
1051 2066 1229 2148 interpretari
1251 2062 1310 2154 etl,

203 2147 403 2222 combretum,
423 2156 505 2225 atquc
521 2149 707 2209 ineolumem
725 2158 855 2209 tractum.
893 2152 980 2227 Igitur
998 2168 1083 2227 quarn
1094 2150 1229 2205 librorum
1240 2153 1310 2200 tan-³

203 2231 265 2284 trun
284 2244 342 2282 non
361 2227 483 2283 omnium
500 2228 682 2304 scripturam:
702 2227 856 2306 Zerynthia
873 2226 971 2304 liltore
988 2234 1071 2285 monta
1089 2224 1242 2301 sequimur,
1259 2218 1296 2275 iu·

162 2313 165 2318 ’
203 2301 385 2380 terpretanda
403 2311 447 2360 est
463 2303 513 2377 ita,
533 2304 660 2361 utravis
683 2302 775 2379 Ovidii
792 2314 856 2381 post
873 2304 927 2363 iter
945 2305 973 2361 in
993 2304 1050 2361 alto
1069 2304 1138 2360 mari
1156 2299 1295 2357 decursum

202 2378 372 2438 littusillnd
398 2379 550 2437 Thracium
576 2400 631 2437 uon
658 2378 813 2458 appulisse,
839 2380 889 2441 sed
920 2381 1159 2458 appropinquasse
1182 2386 1213 2437 et
1226 2382 1293 2506 :fm-

202 2456 328 2534 spexisse'
345 2456 423 2527 (hinc
440 2475 494 2513 scr.
514 2457 577 2516 cod.
597 2456 717 2532 Seguer.
736 2475 770 2514 ex
789 2458 881 2534 glossa
906 2476 961 2514 non
987 2460 1081 2533 inepta
1108 2455 1201 2528 nata,)
1246 2453 1293 2507 ica·

203 2541 262 2606 tur,
281 2531 348 2589 dum
366 2535 395 2589 in
414 2533 543 2610 opposita
562 2542 592 2591 ct
610 2533 728 2590 distante
747 2534 858 2609 triginta
877 2543 940 2591 octo
958 2533 1076 2590 millibus
1095 2531 1195 2604 insula,
1215 2524 1294 2614 (utiq

181 2607 273 2666 (Nat.
292 2608 364 2667 Hist.
384 2610 414 2682 4,
436 2616 483 2666 12.
500 2610 555 2666 boc
573 2619 626 2683 est,
646 2610 747 2669 codem
765 2611 870 2687 spatio,
897 2610 1067 2687 quo'Gallia
1087 2617 1116 2667 et
1133 2603 1234 2684 Anglia
1251 2601 1293 2659 sibr

202 2687 347 2771 proximae
366 2685 548 2759 dirimuntnr;
568 2687 615 2743 ubi
633 2687 681 2764 qui
699 2686 864 2762 navigarunt
881 2696 1018 2744 testantur
1036 2695 1183 2760 utramque
1200 2692 1295 2739 terram

203 2839 273 2896 Her.
291 2840 322 2911 6,
343 2841 406 2910 68.)
425 2846 521 2914 atque,
547 2847 578 2896 ut
597 2850 683 2916 puto,
708 2840 838 2918 inportu
857 2839 1006 2896 Thraciam
1031 2846 1178 2915 spectante
1196 2832 1294 2893 ancho·

196 2914 264 2974 ram
282 2913 411 2973 demittit.
448 2915 492 2971 lta
509 2918 631 2973 nancisci
660 2915 900 2993 interpretandum
926 2917 955 2971 in
980 2915 1042 2974 loco
1060 2914 1131 2973 Met.
1152 2914 1198 2984 14,
1227 2911 1292 2968 44οτ

423 3038 425 3047 .
502 3002 705 3069 -nactusque
723 2993 774 3051 boc
792 2992 859 3050 blus
877 2990 1001 3055 adiuuari.

201 3064 355 3142 Zerynthia
372 3075 465 3124 autem
483 3068 576 3125 littora
595 3079 797 3138 commemorat
810 3068 927 3125 ornandi
943 3068 1069 3125 carminis
1088 3082 1182 3135 causa,
1200 3071 1236 3121 ut
1252 3077 1292 3120 ce·

202 3142 350 3203 leberrima
370 3145 502 3220 Apollinis
521 3146 615 3219 cultu;
634 3145 826 3222 ignobiliorem
845 3145 947 3214 locum,
966 3153 1047 3220 puto,
1068 3143 1208 3201 tacuisset.

209 3220 214 3231 “
278 3225 327 3277 21.
365 3236 409 3276 an
430 3237 495 3277 nnn
515 3239 640 3278 ruens.
674 3221 774 3281 Saltus
792 3220 826 3278 ab
845 3220 898 3279 luno
916 3227 1012 3278 contra
1034 3220 1100 3277 Put.
1119 3218 1192 3276 Mor.
1219 3217 1294 3275 Serv.

151 3302 153 3310 ’
201 3280 282 3353 Busl.
307 3297 395 3352 nostri
423 3296 521 3355 Guelf.
536 3315 565 3354 ‘a
583 3316 627 3375 pr.
647 3318 686 3356 m.
712 3299 798 3355 Bern.
824 3297 941 3372 Seguer.
965 3296 1030 3354 Rel.
1054 3295 1153 3352 'Berob
1180 3301 1210 3351 et
1234 3289 1293 3350 edd·

136 3430 141 3446 Ι
201 3370 341 3449 quaedam
365 3381 431 3449 post
461 3373 674 3433 Rersmannum.
714 3373 750 3431 ub
775 3373 825 3431 boc
854 3372 942 3431 brevis
972 3379 1014 3431 ccl
1049 3379 1145 3431 commu
1170 3370 1247 3427 Gall.
1271 3364 1294 3423 t

199 3447 298 3523 plocen
322 3447 489 3506 Romanicas
517 3450 667 3508 commodo:
692 3450 790 3509 eadem
815 3460 905 3507 exstat
929 3450 999 3507 Met.
1027 3454 1082 3521 13,
1107 3449 1175 3505 406.
1218 3449 1294 3504 rm-

199 3542 272 3601 pyra
295 3543 391 3582 verum
415 3543 477 3584 esse
501 3526 580 3604 ipsae
603 3529 741 3586 uariantes
774 3528 945 3604 scripturae,
976 3540 1045 3604 quas
1070 3524 1138 3583 licet
1161 3525 1293 3593 omittere,

199 3601 339 3667 evincunt.

207 3706 213 3715 ·
276 3679 325 3733 24.
363 3695 503 3736 arnucrr
524 3696 560 3736 ex
579 3679 740 3737 coniectura
757 3679 862 3755 Micylli
880 3675 1027 3737 etcodice
1052 3674 1184 3733 Medonii.
1223 3668 1295 3731 Libri

200 3770 296 3810 amnes
315 3753 419 3811 Heinsii
437 3765 466 3812 et
485 3756 571 3813 nostri
588 3767 638 3814 aut
660 3756 800 3831 relinquit,
826 3765 876 3812 aut
898 3754 1024 3829 rellquit3
1051 3753 1189 3829 posterius
1217 3753 1292 3809 etim

199 3837 267 3887 vett.
287 3828 351 3888 edd.
391 3830 526 3908 Reliquos
543 3833 609 3889 DD.
627 3834 690 3891 VV.
709 3833 879 3890 coniecturas
898 3828 992 3888 licebit
1010 3829 1172 3906 praeterire.

207 3936 211 3943 ·
276 3909 324 3963 26.
365 3923 535 3966 ramessen
556 3926 656 3966 nnus.
695 3912 822 3985 Luprule
839 3915 903 3966 msa
920 3906 1011 3963 Palat.
1030 3906 1110 3983 prim.
1130 3905 1207 3963 nullo
1224 3904 1293 3961 Mor.

199 3998 263 4039 cum
281 3983 486 4061 Francoll¹pro
507 4004 533 4043 u.
552 4005 606 4044 scr.
626 3985 872 4063 quatuorHeinsii,
890 3985 1007 4059 Seguer.
1019 3984 1101 4040 Creu.
1120 3978 1293 4039 dau‘Pirclrb.

198 4058 335 4196 {mildi
357 4079 375 4119 a
397 4080 427 4141 p.
452 4079 491 4120 m.
518 4058 585 4121 Rel.
615 4082 679 4122 cum
708 4063 821 4141 glossa·
848 4062 953 4121 Germa
997 4059 1110 4139 lapsum
1135 4064 1198 4118 tulo
1223 4057 1296 4118 cloto

228 4155 263 4195 ue
285 4157 344 4198 er.

203 2759 287 2819 simol
313 2780 345 2819 se
370 2761 486 2837 uidisse3
520 2763 572 2820 cir.
600 2764 684 2820 etiam
709 2763 745 2820 de
771 2763 912 2823 Thraciae
941 2763 1034 2820 littore
1058 2772 1088 2820 ct
1198 2757 1295 2816 thura

1309 4632 1310 4673 l
