2650 4700
207 208 287 287 dud
321 299 327 308 ,
648 197 847 261 ernnusto

202 413 269 455 rom
288 389 441 453 carminum
457 383 563 466 magur
590 385 642 444 sub
668 384 791 445 eiusdem
814 385 926 446 nornine
951 395 1064 452 centnm
1090 389 1241 465 octoginta
1258 399 1313 450 tro

206 488 285 548 berni
303 487 444 563 leguntur,
465 501 534 560 quos
553 481 658 557 Virgilii
685 499 743 538 nou
768 498 829 541 esse
855 482 914 539 sine
940 480 1025 540 dubio
1048 492 1126 542 recte
1150 483 1313 556 iudicem

207 583 259 642 riri
281 580 366 638 docti.
410 578 521 634 Tamen
558 593 621 632 cum
647 592 803 631 sermonem
834 575 893 634 eius
924 571 1002 634 aero
1019 575 1129 633 minime
1164 574 1314 651 indiguumi

207 667 367 745 ostendant,
385 669 498 748 losepbl
518 668 661 743 scaligeri,
681 668 739 724 sive
756 668 865 744 potius,
891 669 931 726 uti
956 669 1076 745 reperio,
1100 668 1166 726 Lilii
1189 665 1311 744 Gyrald

205 779 272 828 aute
291 768 367 825 illum
387 765 457 823 baec
475 763 528 820 luit
547 762 716 834 coniectura,
736 779 798 819 esse
823 760 898 819 lruuc
917 760 1023 820 Valerii
1047 761 1163 818 Catonis
1188 780 1260 819 eum
1276 761 1313 820 lid

205 864 306 934 brum,
333 876 417 935 quern
440 854 646 931 lardiyuulioaia
672 855 753 913 titulo
778 864 849 913 teste
867 852 1003 914 Suetonio
1019 853 1180 933 scripserit.'
1221 856 1310 914 Huius

204 953 360 1014 sententiae
379 959 486 1028 partem
507 947 632 1006 refutans
648 946 795 1006 Putrcbius
813 969 840 1007 r.
857 948 888 1008 d.
908 950 936 1007 iu
955 950 1025 1009 libro
1042 948 1157 1008 laudato
1176 966 1209 1027 p.
1223 950 1309 1006 44-

205 1050 256 1109 51.
275 1058 367 1106 tamen
386 1042 561 1113 sententiam,
582 1058 668 1118 quam
686 1040 723 1098 de
741 1051 855 1100 auctore
873 1061 1000 1101 versuum
1020 1044 1079 1121 ipse
1098 1042 1223 1121 profert,
1241 1045 1313 1102 sn«

205 1142 285 1221 ligeri
308 1136 439 1216 imprimis
466 1136 631 1194 auctoritate
658 1134 730 1191 tucri
754 1133 820 1195 milri
846 1135 969 1208 videreq
1003 1154 1171 1213 quamquam
1198 1155 1241 1195 ne
1263 1137 1307 1194 illa

146 1224 156 1246 ⁸
206 1234 320 1313 quidem
338 1230 414 1289 satis.
452 1230 556 1287 Versus
572 1228 634 1286 illos
654 1228 682 1284 in
702 1226 758 1285 duo
777 1229 899 1285 cannina
916 1228 1070 1303 distribuit,
1096 1229 1175 1306 prius
1194 1238 1307 1287 centum

203 1330 288 1388 mum
309 1341 435 1382 versuum
454 1321 577 1379 inscribit
595 1321 698 1394 Dirae,
723 1320 840 1379 alterum
860 1323 999 1399 octoginta
1017 1340 1147 1379 versuum
1172 1319 1304 1394 Lyrbesm

203 1423 341 1501 putatque
365 1415 433 1474 illud
457 1416 547 1493 ipsum
573 1432 685 1472 carmen
711 1433 790 1472 versu
818 1414 935 1472 Ticidae
966 1432 1051 1493 supra
1075 1415 1207 1492 apposito
1231 1433 1304 1472 con·

203 1512 376 1573 mendarum.
413 1509 519 1567 Verum
537 1526 629 1586 neque
647 1526 731 1584 apros
749 1524 871 1585 unquam
896 1506 1017 1565 amisisse
1034 1508 1106 1564 Cato
1124 1507 1233 1566 diserte
1250 1519 1303 1567 rra·

202 1608 290 1681 ditur,
308 1604 357 1664 sed
376 1602 542 1681 patrimonio
569 1610 689 1674 exutus,
716 1618 808 1677 nequo
834 1616 887 1677 per
911 1603 1057 1658 veteranos
1080 1598 1233 1676 Sullanos,
1254 1598 1313 1660 sedr

76 1707 80 1716 '
156 1731 159 1736 >
200 1698 316 1760 licentia
335 1696 442 1756 Sullani
460 1695 609 1774 temporis,
636 1694 712 1772 quod
731 1693 885 1769 siguificare
909 1692 1018 1750 ridetur
1042 1707 1094 1772 per
1112 1701 1191 1753 artes
1206 1687 1313 1764 fem-l

200 1814 266 1867 ses,
292 1792 338 1850 rel
356 1788 530 1865 Chrysogoni
556 1789 670 1845 alicuius
695 1787 853 1860 machinas,
882 1786 966 1844 Diras
985 1804 1050 1843 rero
1069 1804 1086 1843 a
1106 1787 1221 1846 Catone
1235 1787 1298 1844 stri·

108 1948 111 1957 ,
199 1897 267 1969 ptas
286 1903 368 1943 nemu
385 1882 479 1957 tradit,
500 1880 601 1979 nedqm
621 1900 638 1938 a
658 1881 765 1959 pupillo
783 1880 903 1939 sedecim
920 1881 998 1937 annis
1017 1881 1122 1938 minore
1141 1881 1171 1939 r.
1190 1865 1313 1942 raom}

185 1979 234 2064 p.
253 1980 309 2038 522
333 1977 377 2036 cui
401 1975 541 2033 aetatulae
565 1992 658 2051 oeque
683 1992 777 2032 versus
805 1974 849 2033 isti
875 1983 935 2031 tam
959 1972 1097 2033 emendati
1124 1976 1313 2064 convenieml

185 2075 296 2153 ‘neque
314 2070 389 2151 quod
409 2088 435 2126 r.
454 2070 503 2127 26.
522 2067 607 2126 libelli
627 2078 877 2127 commemorantur
901 2074 985 2124 antee
1003 2065 1088 2142 editi,
1114 2085 1212 2145 neque
1227 2065 1313 2146 quedl

200 2189 231 2228 v.
250 2172 297 2224 ³3.
323 2174 402 2222 vetus
427 2160 554 2218 dominus
579 2164 639 2239 ipse
662 2179 735 2240 puer
759 2160 854 2234 audit,
878 2176 970 2237 neque
993 2159 1053 2237 ipse
1078 2159 1189 2236 Lydiae
1213 2171 1297 2221 amor.

199 2260 330 2336 Denique
346 2256 371 2314 si
389 2255 461 2313 Cato
481 2255 617 2313 Cicerone
637 2264 701 2312 octo
720 2254 799 2311 annis
816 2252 907 2312 iunior
932 2250 1002 2327 suit,
1030 2252 1084 2312 rid.
1110 2254 1130 2312 l.
1150 2256 1173 2313 l.
1192 2274 1223 2335 p.
1241 2256 1297 2329 m,

199 2356 303 2414 mirrmr
320 2352 440 2428 aliquem
457 2347 575 2422 babeat,
600 2369 651 2407 cur
672 2349 707 2406 ab
727 2346 827 2407 Ouidio
853 2356 918 2426 post
941 2346 1119 2424 Lucretium,
1147 2349 1298 2424 Catullum,

201 2448 332 2520 Calvum,
351 2444 418 2502 alios
437 2461 500 2500 cum
527 2444 618 2501 Cinna
636 2452 666 2500 et
684 2441 831 2502 Cornificio
859 2441 1034 2516 nominetur,
1061 2451 1091 2498 et
1109 2443 1188 2520 quod
1205 2461 1298 2503 rem

83 2558 84 2563 ’
132 2548 135 2551 ’
196 2544 309 2625 priores
332 2539 371 2597 illi
398 2546 427 2594 et
452 2537 656 2611 Ciceronianis,
683 2537 730 2613 qui
755 2534 840 2614 paulo
860 2534 1038 2612 antiquiores,
1068 2544 1097 2593 et
1125 2536 1296 2597 Luceriam

167 2712 175 2718 .
199 2636 330 2712 adeoque
349 2631 520 2700 Catullianis,
540 2632 588 2708 qui
606 2631 692 2687 multo
719 2638 783 2687 sunt
806 2629 990 2701 recentiores,
1016 2628 1150 2708 laetiores
1169 2640 1199 2689 et
1217 2633 1296 2689 bna-

199 2731 286 2788 tiores
303 2723 441 2782 iudicandi
460 2733 536 2795 nant,
555 2734 696 2783 caeterum
714 2723 840 2795 simillimi
858 2721 1064 2800 posterioribus,
1083 2723 1131 2800 qui
1146 2724 1240 2801 Lydio
1255 2727 1294 2784 in·

181 2807 370 2880 'scribuntur
408 2802 500 2892 arque
518 2815 547 2872 Ιιί
573 2835 664 2893 neque
690 2825 765 2873 totus
792 2815 838 2872 ille
862 2815 931 2871 liber
959 2811 1157 2875 celeberrimus
1184 2819 1312 2878 Catum}

198 2932 262 2975 esse
279 2920 407 2991 possunt,
434 2908 502 2979 (rid.
532 2909 669 2966 Naeliurn
691 2908 728 2968 V.
749 2908 811 2966 Cel.
836 2908 865 2966 in
890 2906 1034 2966 Niebubrii
1058 2909 1133 2973 Mus.
1152 2910 1248 2971 Rben.
1266 2916 1312 2986 3,1

197 3029 229 3089 p.
249 3009 343 3081 tau.)
369 3020 460 3081 neque
485 3021 551 3081 pars
576 3021 639 3060 esse
664 3002 807 3060 ridentur:
834 3001 901 3059 nibil
927 3002 1000 3060 euim
1026 3002 1108 3061 valde
1134 3002 1312 3073 sumnam?

119 3144 122 3159 .
196 3103 345 3162 doetumve
363 3097 515 3156 continent.
553 3097 611 3155 Sed
631 3096 668 3154 de
696 3096 748 3152 bae
773 3102 805 3151 ie
829 3093 875 3151 fac
899 3112 945 3153 me
971 3113 1080 3167 errare,
1106 3099 1169 3175 quis
1194 3109 1294 3173 totum,

198 3196 256 3254 sire
274 3193 365 3267 malis,
384 3202 532 3268 utrumque
549 3190 618 3248 illud
637 3207 749 3247 carmen
768 3187 832 3246 ideo
850 3207 902 3266 pro
922 3190 1077 3248 Catoniana
1102 3189 1183 3250 foetu
1208 3191 1295 3252 lrabe-

196 3289 247 3359 bit,
268 3289 331 3368 quia
353 3286 492 3364 octoginta
511 3286 569 3344 eius
588 3303 683 3342 versus
702 3291 816 3363 possent
834 3281 1039 3359 quodammodo
1065 3301 1101 3343 ex
1125 3285 1198 3343 illius
1218 3286 1294 3345 nobi·

185 3385 297 3445 'lissima
317 3380 406 3457 Lydia
425 3380 512 3438 relicti
531 3375 616 3437 esse‘l
639 3377 752 3435 Scilicet
770 3376 856 3453 quiris
874 3376 972 3435 eurum
990 3385 1087 3435 auctor
1112 3394 1176 3437 esse
1192 3380 1294 3457 potuit,

196 3479 242 3537 oui
261 3476 330 3535 illud
348 3473 455 3550 Lydiae
474 3492 575 3531 nomen
593 3473 707 3550 placuit,
735 3470 828 3546 etqui
846 3487 927 3547 agros
953 3489 1018 3528 suus
1043 3470 1177 3533 militibus
1194 3492 1294 3532 conoe·

195 3572 266 3631 dere
283 3577 397 3627 coactus
415 3577 466 3626 est.
507 3568 569 3624 Hoc
587 3565 624 3622 de
643 3565 752 3622 (atone
770 3564 881 3622 minime
901 3573 1029 3623 constare
1047 3562 1183 3625 diximusr
1210 3567 1294 3641 udde,

195 3663 273 3742 quod
291 3681 327 3721 ea
345 3680 476 3739 agrorum
495 3659 602 3733 divido,
622 3657 658 3715 de
677 3676 733 3736 qua
752 3675 845 3715 versus
863 3657 903 3715 illi
927 3657 1097 3735 loquuntur,
1121 3646 1201 3718 saeta
1217 3660 1311 3719 vide-¹

194 3768 242 3819 tm·
260 3774 316 3814 nun
335 3772 353 3812 a
371 3754 462 3827 Sulla,
480 3753 531 3810 sed
549 3773 566 3809 a
585 3751 742 3825 triumuiris,
761 3752 819 3810 sive
836 3752 1068 3829 potiusdntcniu
1087 3761 1119 3812 et
1129 3751 1294 3828 Octaviano,
1310 3764 1311 3837 l

194 3849 250 3910 vid.
267 3850 390 3928 interpp.
409 3847 446 3906 ad
466 3848 542 3922 Virg.
562 3846 663 3902 ecl..l.
701 3845 776 3902 Nam
794 3862 889 3904 versus
908 3849 963 3903 82:

425 3943 451 4001 0
470 3939 543 3998 mole
561 3937 651 3996 deuoti
668 3948 828 4016 praetorum
848 3941 959 3999 oriculae
977 3941 1058 4017 apelli

81 4072 85 4082 ι
193 4056 278 4118 qnam
296 4039 370 4098 bene
388 4035 424 4095 ad
449 4034 556 4094 Sullam
574 4040 604 4092 et
621 4032 740 4091 illarirmr
763 4032 920 4109 rderatm,
945 4035 1083 4112 intelligis.
1124 4036 1205 4107 Quid
1224 4037 1291 4096 enirn

191 4131 299 4201 ,ilarius
323 4133 494 4191 incusaretur
520 4135 635 4208 propter
659 4145 718 4188 ram
745 4146 762 4188 a
787 4127 867 4189 Sulla
892 4125 1103 4209 perpetrataml
1129 4130 1290 4209 praesertin
