2650 4700
1038 169 1120 233 Xilll

4 343 99 407 nam
142 323 265 392 alterurn
296 329 405 389 uotoni
437 342 532 389 rernm
558 344 615 389 non
649 321 787 393 terionem
816 327 907 391 unco
933 329 1049 416 pennu,
1066 362 1118 389 ·...

4 441 104 505 Restat
146 433 229 500 tertia
254 452 325 517 pars
364 429 561 513 disputationis
593 434 628 497 de
660 434 804 498 ueteribus
829 432 909 500 lilrris
937 440 975 515 ad
1008 441 1120 510 Tristia

5 546 129 625 collatis,
153 564 241 628 qnam
266 539 498 603 constitueramus
520 541 556 605 de
575 539 709 607 librorum
729 541 931 609 aestimatione.
965 547 1029 611 Hac
1047 573 1121 634 qno-

5 678 53 740 que
73 655 105 717 in
130 649 298 736 quaestione
318 649 354 708 de
375 667 430 708 nno
441 646 558 711 Heinsio
579 649 668 713 rerba
689 648 865 731 potissimum
886 651 1015 719 iacienda
1035 668 1117 723 sunt:

4 763 178 845 reliquorum
202 757 277 820 enim
304 755 441 818 editorum
470 776 552 817 nemo
581 756 652 819 arlen
680 778 828 820 numerum
856 760 981 824 courum
1010 767 1119 828 suhdu-

4 868 91 949 xisse,
113 865 161 929 rel
185 863 301 927 nomina
321 865 357 924 nb
378 861 428 924 illo
449 861 583 945 imposita
605 863 675 927 satis
701 862 875 929 intellexisse
903 867 1020 936 ridetur.
1064 870 1119 935 Ni·

6 975 43 1037 iil
61 975 219 1056 ignorasse
244 969 393 1034 Heinsinrn
424 971 581 1052 putaverim
608 991 721 1051 eornm,
751 992 823 1055 qnae
852 973 935 1036 hodie
964 963 1118 1061 seenndnpn

6 1080 185 1163 disciplinam
206 1078 235 1141 in
259 1079 314 1142 han
333 1076 419 1158 longe
440 1076 614 1157 gravissima
634 1077 748 1141 criticae
779 1089 861 1161 parte
882 1080 955 1143 tradi
985 1085 1115 1166 possunt.

5 1188 178 1254 vetustatem
202 1186 326 1248 conicum
346 1183 427 1245 nerine
448 1204 561 1266 semper
582 1193 736 1269 spectasse,
757 1185 893 1269 epistolae
919 1188 980 1254 eius
1006 1194 1118 1257 abunde

8 1304 157 1374 testamur,
192 1314 278 1389 qnam
308 1313 359 1353 cnr
386 1290 476 1355 minus
504 1304 579 1355 reete
614 1291 904 1375 inclinarepntnerit,
933 1318 989 1359 non
1016 1299 1116 1364 videor

7 1402 120 1465 ruentia
140 1400 219 1464 cirili
239 1401 364 1461 imbutos
386 1409 463 1476 erut,
491 1398 571 1462 cuius
593 1420 662 1480 pars
686 1408 748 1463 erat
775 1399 972 1483 diplomatica,
1003 1407 1037 1467 ele
1059 1427 1117 1488 que

7 1528 91 1591 neque
110 1516 179 1599 post
200 1505 396 1569 Benedictions
418 1503 545 1566 homines
574 1505 691 1567 multum
714 1507 750 1570 ad
780 1508 853 1571 hrono
882 1509 954 1570 diem
981 1512 1115 1593 scripturn
1179 1494 1182 1507 .

8 1625 57 1696 est,
75 1635 166 1698 neque
188 1616 225 1678 alr
247 1613 304 1677 illis
326 1620 401 1674 tanto
424 1620 488 1693 post
515 1610 661 1674 Heinsiurn
691 1625 833 1694 ternpore,
860 1615 926 1697 quin
948 1614 974 1680 Is
1004 1640 1115 1701 quoquc
1228 1654 1236 1663 „

7 1742 86 1785 nosse
107 1721 251 1805 potnerit:
277 1740 360 1782 nsnrn
382 1730 408 1782 et
429 1718 658 1787 exercitationem
680 1721 801 1782 lrabcbat
821 1721 955 1787 maiorem
977 1725 1116 1809 plotinus,

7 1828 52 1910 qni
70 1829 151 1891 lindie
173 1840 253 1907 sunt,
275 1825 388 1904 criticis,
416 1825 618 1888 versutissimis
646 1826 694 1889 rix
715 1826 885 1892 inferiorem.
926 1829 971 1892 De
992 1833 1116 1897 bonitate

7 1934 135 1998 librorum
156 1934 342 1998 recentiorum
364 1954 474 2016 qnoque
502 1941 583 1996 eunte
603 1917 670 1995 'nnn
701 1932 787 1996 semel
816 1933 960 2015 indicarit,
982 1938 1058 2002 velut
1079 1943 1115 2004 do

9 2043 177 2106 Sarrariann
197 2054 227 2105 et
248 2038 445 2104 Mazariniano
465 2039 492 2101 F
494 2047 628 2105 ustorum.
671 2040 715 2102 De
736 2041 860 2123 familiis,
883 2065 955 2125 quae
974 2046 1114 2129 dicontur,

10 2149 132 2212 coelicum
153 2157 292 2233 quatenns
312 2147 396 2208 stetui
418 2155 510 2228 potest
531 2145 558 2208 in
581 2134 735 2241 scriptore,
762 2149 808 2231 qni
836 2130 950 2233 gentes
963 2155 1058 2236 potios
1078 2178 1115 2220 ao

9 2258 135 2342 populum
157 2276 257 2320 eornm
280 2254 383 2329 habet,
411 2251 547 2316 Heinsius
576 2253 710 2337 pleraque
738 2256 817 2321 uidit.
859 2258 979 2347 Celebre
996 2262 1065 2325 illno
1087 2240 1139 2328 a.

8 2364 181 2447 ingeniosum
201 2360 379 2438 Lachmnnni
401 2359 438 2424 V.
460 2361 532 2426 Dss.
552 2360 694 2426 inventurn
722 2365 757 2427 de
778 2363 858 2431 libris
879 2379 940 2432 arte
960 2378 987 2432 et
1006 2372 1115 2437 ratione

9 2471 180 2555 interpolatis
206 2480 293 2555 potas
320 2467 440 2530 latuisse
469 2470 556 2531 enm‘t
585 2469 674 2533 oculis
704 2470 764 2534 suis
791 2471 875 2535 istam
902 2496 962 2537 rero
992 2498 1115 2560 usurpa·

8 2591 81 2643 reret
100 2588 187 2662 atque
209 2575 377 2658 experientia
397 2597 450 2639 sun
471 2597 526 2637 non
549 2580 780 2640 contemnendum
802 2579 830 2641 in
852 2583 966 2646 modun
987 2593 1113 2649 astruere

8 2695 32 2749 et
49 2687 194 2749 illustrare
214 2683 370 2767 potuisset,
399 2683 439 2745 uli
460 2704 526 2744 rnox
548 2683 700 2766 intelliges.
743 2686 804 2749 lain
834 2709 901 2752 rero
928 2690 999 2753 satis
1027 2714 1114 2773 praem

8 2795 53 2858 loti
73 2796 108 2857 de
128 2790 317 2874 intelligentia
337 2789 448 2853 Heinsii
470 2788 592 2851 latemur
614 2813 670 2853 non
692 2792 804 2876 ubique,
826 2793 854 2856 in
877 2795 1023 2859 Tristibus
1045 2819 1113 2864 cero

10 2902 117 2964 omnino
140 2922 199 2962 non
219 2919 277 2962 rem
297 2896 347 2975 ita,
369 2896 407 2958 uli
430 2896 561 2978 oportuit,
583 2899 620 2960 ab
642 2918 676 2961 eo
698 2920 763 2963 esso
777 2911 898 2982 gestam.
936 2903 1027 2981 ¹Quod
1049 2924 1113 2970 mur

10 3031 114 3072 summa
134 3008 196 3069 eins
218 3004 339 3067 neminis
360 3003 515 3066 reverentia
536 3004 640 3067 dietum
667 3025 733 3068 esse
753 3007 837 3088 uolo,
867 3029 921 3073 nen
942 3012 1003 3072 sine
1021 3034 1112 3076 excu-

10 3108 113 3179 satione
135 3112 310 3197 plenissima,
332 3131 404 3193 quae
425 3110 533 3192 triplex
555 3121 610 3179 est.
651 3112 777 3176 Primum
806 3115 880 3177 enim
907 3115 938 3180 in
966 3117 1113 3184 'l'ristibns
1225 3125 1226 3128 ’

10 3221 175 3303 retingendis
197 3239 300 3300 operae
323 3219 416 3279 rninus
438 3218 586 3300 impendit,
617 3222 692 3300 qnod
713 3221 815 3282 latetur
835 3221 864 3283 in
887 3222 941 3286 fine
969 3246 1113 3288 commen-

12 3330 140 3394 tariorum
171 3325 201 3387 in
231 3327 306 3387 hunc
335 3326 466 3387 modom:
505 3324 545 3387 Si
572 3326 609 3388 ire
631 3337 784 3412 promptu
809 3332 954 3410 fuissent
987 3335 1112 3398 codices
1150 3313 1153 3319 ¹

10 3439 99 3503 inlus
119 3433 224 3519 operis
246 3431 414 3516 aliquanto
435 3434 625 3496 vetustiores
654 3436 943 3520 castigatioreeque
967 3442 1027 3517 iio,
1057 3442 1113 3525 qui
1141 3474 1144 3479 ·

9 3546 42 3609 in
59 3559 173 3607 manus
193 3540 348 3610 iactam
367 3545 494 3627 nostras
516 3539 714 3619 inciderunt,
739 3539 923 3626 poteramus
956 3546 1113 3614 ustione

9 3648 204 3718 serenandis
234 3666 363 3730 qimam
389 3648 495 3728 magis
522 3666 685 3728 araneam
713 3651 904 3715 adhibuisse.
950 3652 1018 3716 Sed
1042 3674 1114 3716 orem

12 3762 44 3822 in
61 3756 146 3822 nullo
167 3750 312 3819 Nasonis
334 3760 486 3837 poemate
508 3756 604 3836 peine
631 3755 723 3817 nuliis
744 3765 949 3841 prospectam
961 3762 1069 3841 jecerit
1090 3782 1113 3824 a
1145 3805 1147 3812 «

12 3864 194 3930 mennam
217 3863 362 3944 antiquis
383 3867 416 3922 et
439 3860 525 3936 tidie,
546 3862 632 3923 inter
650 3864 759 3925 sordes
780 3865 1007 3949 exceptorium
1025 3888 1113 3932 men-

16 3969 242 4036 dneiecinrornm
270 3968 330 4032 diu
363 3966 557 4032 uomendum
588 3988 657 4034 esee
688 3989 754 4034 nore
788 3973 974 4061 ducimus..
1005 3974 1114 4048 Deinde

811 4129 842 4165 fi*
