2650 4700
460 183 627 249 mfflb
796 261 800 272 ,
1010 199 1089 277 affl

32 377 109 438 nutis
124 387 181 438 toro
199 375 305 456 elegiae
322 376 501 436 Ponticomm
520 375 672 449 eitrernae,
690 383 749 436 turn
768 378 853 455 ipsius
870 375 981 442 Ibidlsi
1000 383 1086 454 Quod

32 473 138 546 liceat,
163 481 297 550 quantum
323 461 389 530 inde
413 468 540 547 depromi
564 468 653 546 possit
677 468 714 527 od
741 461 850 529 Ibidem
877 472 1084 557 explicandum,

32 580 79 620 eno
102 564 229 624 hactenns
258 565 403 625 intellexit.
449 564 546 633 Quare
574 569 672 620 nostra
699 562 769 622 liaeo
793 565 846 622 erit
869 571 1028 647 provincia,
1052 583 1086 634 ut

32 656 105 714 rudem
122 658 184 734 quid
204 659 240 717 de
259 660 376 737 Apuleio
395 654 572 715 iudicandum
591 656 638 728 sit,
664 666 720 714 tarn
741 656 845 734 liquide
864 661 1035 746 osteqdatur,
1053 674 1086 728 ut

32 750 105 807 triris
127 750 287 811 doctissimis
312 750 451 827 Madvigio
476 748 585 828 ipsique
610 746 726 806 Osanno
752 766 893 808 assensum
919 766 1086 835 extorquea.
1136 806 1138 810 .

32 862 75 916 us,
98 853 125 902 et
150 845 254 923 pravae
278 847 319 905 illi
347 843 469 925 opinioni
494 841 604 900 iamiam
635 842 813 901 invalescenti
845 844 952 904 obviam
980 867 1084 914 eamus.

32 937 78 1002 luae
98 936 288 998 demonstrabo
312 938 382 998 haee
407 947 488 996 sunt:
516 941 545 996 E
562 935 792 1015 sniumundos
816 945 926 997 mustos
949 942 1086 1020 Apuleius

32 1029 243 1110 sutbopropbio,
269 1031 395 1112 portibus
419 1021 557 1108 priusnos,
585 1050 657 1109 quom
679 1049 725 1091 ros
746 1036 945 1106 prommotioos
968 1041 1086 1098 oouliout

32 1121 124 1194 liutilis
140 1134 197 1202 ost,
222 1145 283 1186 osse
300 1145 352 1203 pro
376 1123 574 1199 frtndomsntor
602 1129 731 1219 niteram,
751 1143 821 1202 quoe
838 1130 995 1187 testimonio
1011 1134 1086 1191 sori-

34 1221 100 1274 lorsot
116 1217 231 1297 subibit,
251 1237 388 1299 (piumque
405 1220 544 1277 uerissime
563 1219 678 1279 deuouit
689 1217 864 1295 Modoipius,
883 1237 942 1277 osso
959 1219 1084 1284 additum
1183 1245 1193 1259 ’

32 1317 102 1383 roplsr
122 1317 248 1388 tertiam,
280 1332 352 1391 quoe
374 1310 490 1386 fobolos
521 1320 659 1388 permiros
688 1312 855 1390 suppeditat.
901 1318 974 1374 Eoos
996 1315 1098 1389 fuisw·

32 1419 74 1477 but
88 1409 201 1470 marimo
217 1409 360 1482 momenti,
386 1424 435 1465 oro
454 1411 513 1464 tum
540 1405 593 1465 leoi
611 1405 731 1490 broobio
750 1406 938 1482 olbiopoudoot
956 1428 975 1466 o
994 1410 1086 1470 Mod-

33 1495 69 1566 ioio
88 1517 114 1573 p.
136 1504 198 1568 223
225 1500 372 1578 confictam
398 1507 491 1557 innuen
515 1499 694 1559 nibilominus
721 1517 795 1573 esso,
822 1499 1088 1577 od'oorplioutiooem

32 1585 93 1646 silicet
108 1591 192 1652 ibidis
204 1595 347 1668 Ooidlooi,
367 1600 393 1652 el
412 1593 519 1671 quidem
538 1599 601 1669 posi
620 1611 725 1652 nouum
745 1593 829 1650 1508.
868 1593 973 1652 Rerum
993 1613 1087 1672 gram·

32 1682 145 1744 niumm
163 1705 264 1764 magna
284 1697 328 1745 est
345 1688 458 1765 portio,
481 1685 594 1745 dimidia
619 1687 720 1760 libelli,
748 1686 916 1765 paragraphi
935 1686 996 1746 fere
1015 1707 1094 1768 qun-⁴

33 1776 124 1848 faginis.
159 1777 195 1838 In
220 1780 263 1839 his
283 1779 421 1858 quaedam
448 1799 505 1837 non
532 1787 598 1838 sunt
622 1772 753 1858 indocta²
777 1780 848 1848 nituit
872 1790 983 1856 nutem,
1007 1782 1092 1861 quod·

32 1875 74 1921 erto
94 1863 215 1930 consilio*
228 1876 350 1952 positum
378 1871 514 1932 rideatur.
561 1871 635 1931 Nam
663 1877 693 1946 §.
713 1875 744 1934 8.
769 1891 826 1930 non
850 1882 920 1951 puto
945 1877 1092 1952 pertinere·
1182 1883 1187 1892 '

32 1956 115 2020 ⁴ebuisse
132 1964 165 2022 ad
184 1968 300 2032 Caecilii
329 1984 439 2025 versum
464 1965 542 2046 apud
567 1955 691 2025 Nonium
710 1985 733 2025 s.
753 1985 780 2026 r.
807 1966 911 2026 lioitori
935 1968 1090 2028 emendan-

32 2049 74 2125 jun,
94 2056 137 2114 sed
154 2069 263 2119 tantum
282 2072 447 2139 argumento
476 2070 536 2136 est,
563 2061 619 2119 iam
645 2060 711 2118 olim
731 2058 908 2119 emendatum
932 2061 971 2147 itq
988 2062 1086 2140 fuisse,

32 2142 49 2197 li
62 2162 75 2200 a
88 2147 178 2212 Botbio
197 2155 290 2213 editus
309 2164 363 2228 est,
383 2164 533 2231 autequam
545 2154 636 2212 Maius
650 2150 799 2232 Apuleium
818 2153 975 2214 emitteret:
991 2156 1095 2214 ouius·¹

32 2250 65 2293 im
79 2257 107 2297 et
123 2246 156 2304 sit
173 2246 342 2321 emendatio,
366 2249 502 2324 quaerere
522 2248 587 2305 milri
607 2265 682 2304 nuno
700 2265 756 2304 nou
775 2255 866 2307 vacat.
905 2247 969 2307 Neo
987 2252 1017 2322 ᾗ.
1040 2253 1095 2308 13.·
1177 2251 1180 2256 ”
1288 2311 1291 2324 Δ

33 2323 151 2396 dlrbillis
169 2341 251 2401 Statii
273 2343 456 2415 sententiam,
483 2342 528 2400 vel
547 2346 575 2415 §.
596 2341 644 2398 nt.
666 2330 706 2397 nd
729 2340 853 2398 vitiosam
876 2340 1087 2400 Lucretii-sem·
1152 2364 1157 2373 ¹

33 2426 102 2482 ‹buam
119 2437 292 2494 astruendam
316 2434 483 2513 spectabisse
509 2434 613 2507 oredo,
639 2450 714 2510 quae
737 2434 830 2490 omnin
856 2433 987 2492 Osannus
1004 2435 1094 2494 docte

33 2509 125 2578 dicarit.
160 2527 334 2588 Testimouia
353 2528 500 2606 poetarum
520 2526 696 2599 Latinorum,
716 2526 774 2582 sire
792 2527 884 2603 potius
903 2525 1005 2584 indices
1025 2545 1087 2584 car-

33 2600 97 2666 uiuun
118 2615 222 2681 illorum
249 2621 358 2681 affricta
384 2630 450 2679 sunt
474 2619 604 2677 dimidiae
629 2612 868 2697 paragrapborum
895 2621 1090 2697 grammatius·

34 2710 64 2753 ⁰¹⁰
79 2711 140 2778 porti
157 2723 186 2771 et
204 2717 266 2775 aliis
286 2725 362 2792 octo,
391 2715 490 2792 quibus
508 2712 622 2771 fabulae
649 2706 844 2790 exponuntur,
870 2710 971 2791 partini
990 2722 1086 2790 notae,

34 2794 46 2842 ¹
56 2790 77 2849 ᾗ]
93 2801 118 2869 l·
134 2808 161 2862 ²·
175 2818 205 2867 et
218 2813 280 2884 18,
298 2810 423 2886 reliquae
441 2808 563 2884 ignotae.
601 2804 676 2864 Nam
695 2804 864 2881 fabularum,
884 2824 957 2896 qpae
975 2808 1087 2885 reliquis

34 2893 124 2983 Qualis
141 2915 346 2979 proponuntur,
366 2903 401 2959 ab
421 2899 539 2959 Osanno
563 2899 784 2958 demonstratum
811 2909 863 2969 est,
891 2897 965 2957 unde
984 2902 1092 2978 petitas
1192 2976 1196 2995 ,

34 2984 1096 3075 UmbmbmmeQfflQfflwmw

35 3070 124 3142 tgoiores
141 3098 204 3146 sunt
222 3089 296 3159 illae,
323 3088 472 3166 inquibus
495 3086 584 3162 magis
610 3085 736 3144 minusve
760 3086 925 3162 interpretes
949 3084 1039 3142 Maius
1058 3094 1095 3143 et-
1174 3116 1179 3125 ·

35 3155 1096 3257 bmmmmmsmmmmmmmmm

37 3252 56 3323 ¹2
70 3260 110 3319 ⁶4·
144 3268 217 3331 Nolo
236 3273 347 3350 singula
366 3274 540 3346 exscribere3
560 3289 643 3331 nemo
662 3280 769 3342 tamen,
788 3270 835 3347 qui
854 3270 1014 3348 inspexerit,
1034 3288 1091 3328 ne-

36 3341 76 3404 abit
90 3353 214 3426 interesse
233 3369 402 3446 reipublicae
420 3368 570 3426 litterariae
595 3364 676 3434 seire,
703 3364 793 3421 sintne
818 3380 892 3440 quae
909 3363 965 3420 illic
988 3361 1095 3440 legun-1

36 3442 139 3514 11,an
156 3456 211 3519 fide
230 3480 266 3520 an
286 3460 360 3518 mala
379 3459 491 3519 tradita.
530 3459 600 3532 Res,
627 3476 701 3536 quoe
720 3458 768 3529 §§.
788 3458 839 3529 29,
857 3460 907 3530 st,
924 3460 972 3513 ὅδ’.
990 3456 1088 3534 peusis

37 3527 105 3595 “idem
122 3550 206 3612 verbis
224 3553 392 3627 indicantur,
410 3552 487 3610 unde
503 3561 644 3630 sumptae,
663 3558 715 3609 nur
740 3560 796 3626 quo
814 3549 928 3607 oonsilio
952 3549 1096 3608 confictas·

36 3629 216 3718 Mundum
233 3656 277 3705 est
288 3649 416 3724 ingenue
441 3664 487 3704 me
510 3647 651 3724 ignorare.
699 3642 782 3710 Quae
806 3649 912 3699 restant
936 3641 1097 3702 cuiusmodi·

36 3722 69 3789 [Μ’
84 3724 104 3780 ti
119 3747 172 3791 non
189 3738 446 3819 deprehendissem,
465 3740 569 3797 tamin
590 3737 671 3797 lbide
690 3732 811 3809 edendo,
837 3751 921 3811 quom
941 3736 970 3794 ln
989 3735 1099 3794 biblio··

36 3798 84 3870 Μ
106 3810 188 3904 Regia
213 3833 387 3892 Berolinensi
411 3832 539 3891 rimanda
563 3830 763 3889 caecutiissem.
801 3827 862 3887 Sub
890 3827 974 3887 finem
1000 3829 1109 3917 §⁶⁴⁴⁸ss

37 3904 107 3970 'Pulli
122 3915 188 3982 haee
204 3927 355 4005 legunturs
377 3926 576 3986 dodonam.
595 3943 625 3982 u.
646 3943 675 3981 n.
695 3940 722 4001 q.
742 3920 763 3981 l.
783 3939 813 3980 o.
831 3939 859 3980 o.
878 3937 909 3978 rr.
928 3939 958 3981 o.
976 3920 1005 3980 d.
1024 3918 1101 3982 bu·
1134 3918 1137 3925 ’
1160 3934 1163 3939 “

37 3988 103 4099 'tium
119 4015 201 4075 eobo.
212 4058 237 4078 ..
277 4020 409 4078 Osannns
428 4028 531 4077 tentate
555 4016 673 4077 Ouidius
691 4021 794 4090 outon,
811 4012 862 4073 sed
880 4014 988 4092 reliqua
1004 4027 1089 4090 quens

37 4075 198 4170 'biblorum
216 4112 356 4190 indicent,
384 4111 477 4173 adhue
494 4130 526 4172 se
543 4111 643 4191 lugere
666 4110 781 4170 latetur.
825 4104 980 4187 Madvigius
1002 4114 1086 4166 treet.

779 4231 825 4300 25
