2650 4700
273 136 460 200 nanuum
478 134 619 231 trouv.
645 136 708 199 ur.
730 137 751 197 r.
785 90 791 104 ’
986 148 1061 223 m

33 320 34 401 l
60 330 124 408 Neo
143 344 244 429 nure,
265 348 334 407 neo
357 327 503 418 ventos,
516 322 797 427 lethariumque
820 322 929 407 timet·

33 426 84 521 luit
102 448 335 530 quoque,·cum
359 430 462 529 perii,
485 429 568 526 quis
590 451 648 504 me
672 428 857 530 deceperit
879 450 1001 507 error:

33 604 34 609 ,
61 534 96 608 llt
115 533 241 632 eulpam
267 535 303 606 in
327 530 438 623 facto,
463 554 535 606 non
561 522 686 609 scelus
709 555 796 611 core
819 553 911 610 meo.
1028 570 1031 579 v

33 633 139 713 Suilioet
159 635 223 711 hoa
242 635 321 736 ipso
344 657 439 709 nuuc
462 657 589 731 aequa,
614 632 709 732 quod
733 634 846 711 obfuit
868 635 965 726 ante,
1080 628 1118 690 ὓ

33 728 34 771 ³
63 735 131 815 Cum
151 761 279 814 mecum
300 738 411 812 iuneti
436 736 591 811 oriminis
616 744 700 812 aeta
719 744 786 812 roa
810 744 878 812 est.

33 836 90 915 llon
108 840 253 937 equidem
276 838 420 931 vellem,
444 839 607 936 quoniam
631 839 796 915 nocitura
818 837 973 931 fuerunt,

33 1020 34 1027 χ
64 942 209 1017 Pieridum
233 944 347 1018 saeris
371 943 584 1040 imposuisse
608 964 744 1017 manus.

33 1038 85 1117 ded
102 1069 182 1121 nuno
207 1045 286 1143 quid
310 1041 465 1119 faciam?
496 1044 555 1119 vis
579 1065 636 1118 me
658 1049 759 1135 tenet
781 1043 862 1143 ipsa
890 1066 1071 1124 sororum:

66 1145 246 1227 dtearmen
272 1145 420 1222 demens
445 1146 600 1222 carmine
623 1145 749 1222 laesus
773 1156 864 1223 amu.
1084 1157 1123 1216 ω
1215 1216 1219 1225 ,
1288 1225 1289 1228 ,

38 1241 176 1324 rionava
197 1247 362 1324 Dulichio
386 1246 483 1322 lotos
509 1253 652 1348 gustata
675 1247 799 1348 palato

69 1347 127 1442 lllo,
148 1375 211 1449 quo
235 1353 368 1443 nocuit,
393 1355 499 1447 grata
523 1370 655 1449 sapore
678 1349 757 1425 fuit.
873 1390 888 1417 x
1123 1404 1130 1415 .

39 1444 121 1524 Sentit
139 1477 254 1528 amans
274 1476 343 1527 sua
367 1450 496 1527 damna
519 1451 614 1542 iere3
639 1458 758 1528 tamen
781 1448 907 1529 haeret
928 1446 969 1527 in
990 1443 1075 1544 illis,
1130 1487 1133 1501 ·

69 1550 222 1631 Materiam
242 1555 373 1656 orrlpae
397 1555 693 1655 persequiturque
716 1576 818 1631 snae.

41 1747 119 1807 norim
132 1770 148 1811 a
163 1755 237 1812 nobis
253 1754 383 1832 intelligis
400 1754 528 1814 fraudem
552 1756 770 1835 interpolationis
794 1754 909 1829 eiusque
926 1749 1088 1828 originem

41 1821 116 1883 udae
135 1831 308 1905 plurimormn
333 1832 466 1890 librorum
492 1833 629 1909 scriptura
656 1834 722 1891 nilril
753 1831 814 1892 elici
841 1830 963 1902 debere,
987 1826 1011 1885 ai
1035 1823 1081 1882 rel

45 1901 106 1977 potat,
120 1907 185 1963 relut
202 1927 253 1983 per
272 1909 457 1965 coniecturam
475 1909 571 1965 iacobi
589 1911 739 1967 Gronoriir
1131 1910 1138 1925 ¹

141 2040 144 2051 ,
181 1984 248 2041 Solu
266 2002 317 2041 nee
334 1984 463 2058 lusidius,
485 1987 584 2042 Statua
600 2004 650 2044 aaa
667 1986 766 2043 militis
783 2001 888 2056 ausam
1052 2051 1060 2070 ι
1120 2034 1125 2043 ,

44 2047 74 2106 ted
88 2054 174 2115 abiecta
199 2062 281 2117 unius
307 2060 406 2117 codicis
434 2061 618 2136 auctoritate,
644 2080 728 2138 quarn
754 2060 930 2121 Burmannus
956 2054 1011 2114 'arri
1034 2059 1085 2129 mt,

44 2126 71 2182 rel
87 2144 222 2212 arrepturus
250 2144 333 2211 erat,
366 2135 539 2207 redeundum
565 2137 602 2195 ad
627 2156 693 2213 eos,
721 2157 791 2216 quos
810 2156 861 2196 nos
885 2138 941 2193 iam
966 2132 988 2190 d
1025 2148 1085 2204 um,

46 2197 195 2268 damnabor
212 2222 290 2270 certe
308 2212 370 2269 loco
389 2211 473 2269 duces
490 2213 646 2290 sequendus
674 2215 797 2291 putaritr
822 2232 857 2271 ea
882 2211 919 2271 de
938 2214 1021 2268 causa
1041 2205 1087 2264 al-
1189 2239 1194 2257 ι

46 2284 100 2365 teau
114 2287 163 2344 eius
181 2290 365 2361 coniecturam
385 2290 483 2345 merito
510 2289 617 2349 honore
639 2291 777 2369 prosecuti
803 2308 906 2348 sumus.
945 2286 1089 2366 Scriptum

44 2364 68 2410 tlt
79 2358 118 2418 init
132 2364 157 2421 iu
173 2368 322 2424 vetustiore
341 2366 377 2423 ali
398 2385 433 2422 uo
451 2366 537 2425 libror
557 2368 629 2426 Solo
646 2386 695 2426 aeo
712 2367 832 2426 lusidius
850 2369 921 2424 aiter
938 2381 959 2421 o
977 2362 1088 2420 thrasio

44 2429 90 2490 ldae
106 2436 159 2495 liuo
175 2460 239 2502 casu
259 2385 494 2517 longiusl'alat„
514 2444 640 2521 propius,
673 2454 758 2521 atque
783 2444 865 2517 solet,
890 2435 1100 2507 Francoiurtaz

44 2521 77 2566 rm
89 2510 162 2575 distat.
199 2518 235 2576 de
258 2517 374 2576 insidiis
398 2527 427 2576 et
451 2519 547 2577 itiam
572 2519 624 2577 osr.
648 2518 731 2577 Pont.
759 2526 788 2592 1,
807 2520 838 2592 4,
857 2522 894 2574 32
912 2547 951 2563 -
970 2514 1017 2571 34.
1054 2508 1093 2568 da

46 2582 136 2670 duda
151 2592 209 2652 tolia
225 2596 265 2652 ib.
285 2596 316 2669 4,
334 2594 365 2669 5,
384 2593 431 2652 35.
476 2595 562 2654 Vera.
584 2614 644 2673 seq.
690 2593 900 2671 dmduriunmuo
923 2587 1006 2649 codd.
1023 2586 1093 2669 plu-

45 2664 83 2793 nqii
96 2676 118 2722 et
132 2682 237 2745 praeter
265 2669 352 2731 Bern.
377 2680 407 2730 et
425 2671 521 2732 Gueli.
547 2672 676 2732 meliores
700 2683 730 2731 et
754 2672 784 2731 iu
806 2671 862 2729 luoc
882 2683 984 2749 genere
1010 2679 1093 2723 accu-

46 2751 66 2790 ra
80 2758 134 2801 ores.
695 2763 700 2770 ·

79 2822 131 2903 ‚²⁶⁸
163 2840 280 2881 mecum
304 2840 430 2881 uuucrr.
473 2817 577 2884 meram
608 2824 733 2886 odinum
761 2826 844 2906 prim.
874 2821 966 2881 Vatia.
991 2815 1098 2897 primm

45 2882 99 2948 Polt.
115 2894 212 2957 Bersm.
233 2912 264 2958 et
282 2898 379 2957 decem
398 2900 463 2958 aliia
490 2902 573 2960 credo
594 2902 670 2977 Itali,
689 2904 741 2962 uisi
759 2902 835 2979 qnod
854 2894 1050 2960 Guelf.‘deest
1067 2900 1098 2951 et

44 2959 268 3053 insumpsimus
288 2974 385 3034 adesse
409 2975 526 3036 ridetur.
566 2979 625 3037 Sed
648 2979 724 3037 lruuc
748 2997 871 3038 emonem
897 2971 1011 3034 Gruteri
1036 2969 1099 3049 exis

46 3047 186 3108 murreum:
208 3059 381 3130 quamquam
399 3071 492 3130 raeque
509 3054 577 3131 quid
595 3056 820 3134 interpolatores,
837 3070 945 3131 neque,
962 3048 987 3107 si
1004 3045 1100 3119 fauor,

47 3113 173 3189 ducatores
190 3130 397 3203 somniaverint,
415 3130 481 3186 satis
499 3148 648 3208 assequor:
668 3150 763 3190 reram
781 3140 810 3189 et
829 3130 983 3208 elegantem
999 3122 1100 3200 vulgar

47 3197 84 3251 ild
97 3217 147 3260 tare
163 3223 247 3282 supra
265 3206 414 3282 disputari.
451 3224 556 3265 meorum
572 3208 670 3266 latomi
688 3225 728 3268 or.
748 3208 834 3267 Bern.

69 3315 73 3327 .
97 3279 137 3334 29.
174 3299 339 3339 auronum.
384 3301 529 3342 caurorum
556 3284 699 3342 Heiusiaui
729 3284 792 3343 libri
823 3282 943 3341 maximo
974 3292 1103 3349 numeru,

157 3355 231 3431 du03
256 3356 333 3434 quod
355 3369 500 3436 receptum
518 3369 562 3419 est
589 3360 714 3420 Gallicus
740 3367 849 3420 tantum
868 3366 898 3417 et
921 3364 1052 3435 quatuor,
1070 3369 1106 3410 ac

47 3414 146 3487 Francos.
177 3450 241 3490 curn
274 3432 387 3492 Pirclrlr.
422 3454 475 3511 pro
500 3454 527 3493 r.
553 3456 608 3495 scr.
640 3436 832 3496 ostendebant.
881 3434 989 3495 Verum
1019 3426 1109 3494 nostrl
1237 3485 1239 3495 .

47 3493 116 3561 (ineis.
133 3515 161 3563 et
176 3507 326 3567 Berneusis
342 3509 471 3574 ridentur
489 3512 634 3588 accedere,
652 3513 828 3585 territuriis,
847 3511 896 3592 qui
913 3507 1109 3579 coutulerunt3
1149 3553 1152 3564 r

46 3566 89 3633 Rei.
103 3590 129 3637 et
147 3582 230 3642 Creu.
248 3584 393 3645 accedunt.
660 3590 662 3596 ’
961 3601 966 3608 ’
1019 3610 1025 3617 ’

99 3659 141 3718 34.
185 3679 483 3743 russaquruunqur.
532 3668 757 3745 monasteriaque
795 3666 907 3728 dimidia
944 3663 1111 3743 scriptorum
1228 3696 1231 3704 =

47 3736 92 3796 lm
110 3743 137 3791 et
159 3746 228 3796 rett.
253 3738 337 3813 edd,
363 3739 431 3814 sed,
457 3740 481 3797 si
505 3757 639 3817 quaeras,
666 3762 684 3802 a
706 3744 863 3803 melioribus
885 3749 999 3824 praeter
1020 3739 1116 3803 Palati

48 3807 85 3860 lit·
100 3817 125 3866 et
141 3809 204 3874 Put.
223 3816 332 3873 nullus:
357 3834 525 3893 quamquam
544 3819 671 3896 plerique
689 3839 805 3879 numero
823 3829 931 3880 tautum
958 3812 1113 3897 consignati

46 3888 100 3939 illi·
140 3888 322 3957 Quantumris
348 3892 433 3969 igitur
456 3895 485 3950 io
509 3895 610 3952 talibus
645 3899 726 3954 unice
754 3896 837 3964 codd.
861 3898 1018 3976 spectantes
1043 3887 1113 3953 nihil

60 3956 197 4027 ltdecimus.
223 3965 313 4025 'Alibi
339 3968 438 4026 eodem
464 3968 494 4026 in
518 3970 694 4048 discrimine,
726 3973 795 4032 Her.
823 3976 861 4049 7,
888 3975 962 4051 1123
992 3972 1062 4031 Met.
1076 3970 1115 4043 78,

33 4117 34 4122 ¹
88 4039 232 4104 niualem
253 4043 434 4123 prosequendi
458 4063 539 4116 urum
568 4047 746 4109 Burmannus
779 4048 915 4111 immerito
944 4045 1116 4131 proscripsit·
