2650 4700
184 199 263 273 aba
397 176 400 182 ’
632 171 832 252 rnonusro

184 381 249 442 dcm
268 377 405 452 oratiam,
423 374 479 440 vid.
498 374 605 436 Charis.
624 395 654 457 p.
675 379 741 437 108.
779 376 824 437 Dc
843 376 902 437 alis
918 327 1038 438 fortasse
1061 379 1144 438 cbaos
1164 378 1291 453 il'lrilar-

184 473 278 554 gyrius
296 470 333 529 ad
351 470 432 549 ling.
457 471 509 530 ccl.
529 473 560 546 9,
580 470 633 529 ὅδε
658 470 716 544 satit
741 477 833 530 autom
851 470 920 530 labor
942 469 1185 549 abominandam,
1213 483 1252 535 stt
1269 479 1309 536 et*

181 562 395 626 coronatam
418 568 521 623 astatis
545 566 720 639 grammatici
744 565 775 622 in
799 582 861 621 carm
893 567 1069 641 scripserint,
1102 585 1302 647 magnamque

181 677 219 719 sa
243 662 303 718 cias
328 661 502 716 enarratione
520 660 584 715 'aaa
606 636 725 732 placidia
750 660 895 717 tonsorati.
940 657 1102 717 obscuritas
1125 662 1212 739 ipsa,
1242 681 1298 722 no·

183 770 265 827 men,
287 758 316 808 et
344 769 417 826 quac
440 748 506 807 inde
531 749 712 807 conformatio
729 750 869 826 ,cognosci
894 749 1017 827 videtur,
1052 752 1223 814 Antiochcni
1250 757 1298 818 rel

182 843 360 904 Alexandrini
384 843 497 901 ahcnius
523 841 644 899 studium
676 839 852 899 disertissime
882 844 1015 920 produnt.
1061 846 1147 913 Quod
1176 849 1200 910 si
1232 851 1297 928 quis

181 940 229 999 ille
247 939 342 1010 fuerit,
363 955 447 1014 quem
465 937 557 995 Cinna
575 934 729 993 aemulatus
756 935 802 1009 sit,
821 936 1011 1011 quaerendum
1030 947 1083 1010 est,
1104 938 1133 996 in
1152 953 1296 1020 promptu

182 1032 258 1091 isset
276 1030 313 1089 dc
330 1029 510 1108 Euphorione
528 1021 653 1105 cogitare
670 1035 788 1104 propter
806 1028 1013 1104 obscuritatem,
1033 1041 1062 1089 et
1078 1032 1159 1109 ¹quod
1176 1035 1207 1092 id
1231 1051 1296 1095 eat·

94 1165 96 1167 -
184 1144 250 1184 rnen
268 1133 334 1182 ante
353 1137 380 1181 a.
399 1122 439 1181 U.
458 1124 527 1195 700,
546 1131 585 1178 ιη
596 1130 706 1200 putant,
726 1119 830 1177 editum
849 1139 867 1177 a
886 1121 1021 1180 Cicerone
1039 1127 1130 1183 notari
1149 1131 1293 1205 potuerit.

185 1218 296 1277 Tamen
316 1215 392 1274 aliud
413 1213 479 1292 quid
499 1212 617 1274 suadere
636 1214 744 1272 videtum
762 1214 933 1291 epigramma
957 1215 1061 1272 Catulli
1079 1216 1147 1289 9⁵„
1173 1220 1213 1279 de
1235 1240 1296 1301 qno

182 1310 280 1388 ingens
299 1320 344 1368 est
367 1309 510 1367 dissensio.
550 1308 618 1366 Eius
643 1326 724 1366 versu
744 1308 847 1366 vultitno
873 1307 939 1386 quid
959 1316 1032 1368 esset
1056 1311 1183 1370 tumidas
1199 1315 1292 1373 Anat·

180 1404 307 1477 mnobas,
330 1402 418 1483 possit
434 1400 521 1459 videri
539 1410 680 1460 assecutus
695 1420 731 1459 ex
742 1401 783 1476 iis,
805 1419 878 1479 quae
896 1411 962 1459 ante
980 1400 1118 1479 dicuntur,
1138 1406 1293 1466 Weichcr·

180 1506 236 1571 tus,
255 1497 331 1560 Reti.
350 1516 381 1579 p.
402 1498 481 1569 182,
503 1512 564 1553 esse
581 1494 734 1578 proliacum,
761 1494 962 1571 ambagiosa'm.
999 1495 1058 1554 Sed
1084 1498 1177 1575 ipsum
1197 1501 1289 1560 Colo·

178 1590 313 1668 phocium
339 1598 453 1667 poetam
479 1607 534 1645 nou
561 1607 644 1665 posse
663 1606 682 1645 a
699 1588 827 1645 Romano
853 1597 939 1666 poeta
964 1607 1026 1645 cum
1052 1590 1143 1650 Cinna
1170 1611 1288 1667 compa·

177 1684 243 1752 rari,
263 1684 323 1741 sinc
342 1682 429 1739 dubio
447 1691 523 1740 recte
539 1682 647 1759 primus
665 1681 772 1738 notavit
798 1679 928 1739 Osannus
946 1681 983 1739 V.
1002 1681 1039 1742 D.
1059 1685 1097 1741 ad
1115 1686 1228 1762 Apulei.
1248 1688 1287 1748 dc

177 1776 303 1853 orthogr.
323 1796 353 1854 p.
374 1777 436 1850 24,
455 1774 503 1852 qui
522 1784 616 1833 minen
633 1781 740 1831 certum
768 1772 908 1848 quendam
934 1776 1079 1853 aequalem
1105 1791 1222 1855 poetam
1240 1781 1284 1839 in·

179 1869 360 1947 telligendum
379 1885 440 1927 esse
459 1888 515 1926 non
534 1866 701 1945 persuadet:
722 1884 786 1923 nam
807 1864 943 1926 Proculus
961 1871 1121 1947 posterioris
1141 1874 1203 1932 aeri
1222 1891 1284 1937 esna

180 1961 301 2036 ridetur,
322 1980 374 2020 nec
392 1962 429 2021 de
446 1963 568 2020 Domitio
586 1961 681 2019 Marso
701 1959 876 2036 cogitandum
896 1964 965 2018 esse*
982 1965 1149 2039 putaverim.
1188 1967 1286 2046 Berg-

130 2051 135 2058 ’
176 2055 238 2114 laius
257 2056 295 2114 V.
315 2055 353 2113 D.
371 2058 401 2114 in
419 2056 570 2134 Ephemcr.
589 2050 721 2113 scholast.
741 2054 826 2112 1835.
846 2073 873 2111 u.
894 2058 941 2112 37.
980 2054 1088 2113 Osanna
1112 2062 1283 2121 sententiam

171 2149 298 2225 sequitur
316 2156 345 2204 et
364 2149 456 2206 nescio
484 2147 568 2224 quem
597 2164 629 2203 se
656 2146 723 2204 olim
751 2146 936 2205 indicaturum
960 2150 1106 2226 promisit,
1132 2153 1224 2229 (quod
1244 2171 1281 2212 an

170 2241 275 2299 factam
293 2241 339 2314 sit,
357 2239 481 2317 ignoro,)
506 2240 555 2316 qui
578 2239 758 2297 Antimachus
784 2239 872 2298 dictus
897 2240 999 2318 fuerit3
1024 2243 1135 2302 interim
1157 2246 1280 2308 Cinnam

169 2331 297 2394 Philotae
316 2352 418 2392 nomen
437 2332 552 2410 gessisse
571 2332 704 2407 affirmat,
722 2342 752 2395 et
770 2337 847 2393 ass.
867 2335 906 2394 ita
924 2316 1054 2414 suppleta

258 2477 264 2495 .
323 2432 420 2486 Parva
437 2428 491 2483 atsi
508 2425 575 2484 mila
592 2434 658 2485 suast
677 2427 753 2486 cordi
770 2436 946 2487 monumenta
965 2429 1100 2489 Philetas.

168 2520 263 2585 Nolim
290 2531 382 2580 tamen
409 2519 504 2599 sperni
528 2520 693 2596 scripturam
718 2522 843 2579 codicum
873 2522 1001 2597 Datiani,
1028 2524 1217 2600 Cuiaciani*)
1247 2536 1279 2587 ct

168 2615 302 2674 ahmam
329 2621 507 2674 monumenta
534 2613 655 2684 loboris3
681 2616 875 2692 nequeenim,
897 2615 973 2693 quod
991 2617 1153 2676 Wei'cherto
1172 2621 1278 2703 mam,

166 2707 274 2786 inepta,
294 2717 324 2766 et
350 2708 499 2786 maguiod
525 2710 715 2784 quaestionem
740 2707 814 2765 lianc
839 2710 970 2767 momenti
997 2719 1049 2769 est.
1086 2711 1163 2770 Nam
1183 2730 1286 2791 paran-

165 2808 343 2863 ntonnraontn
362 2802 444 2859 valde
462 2799 613 2867 admonent
632 2800 810 2859 Callimachei
827 2801 924 2861 istius:
949 2796 1028 2880 μέγα
1046 2800 1174 2878 βιβλίον
1191 2802 1275 2887 μίγη

166 2883 273 2968 saxio,
291 2897 393 2962 etmel
411 2894 516 2954 laboris
534 2893 571 2952 ad
589 2893 658 2952 illud
677 2906 744 2972 apte
762 2894 932 2970 reiem'ntur,
951 2896 1039 2975 epigr.
1058 2901 1106 2956 33.
1127 2918 1157 2957 r.
1176 2903 1219 2960 4:

472 2983 623 3064 σικχαίνω
641 2979 744 3047 πάντα
763 2982 802 3044 τὰ
822 2977 971 3063 δημόσια,

165 3078 244 3160 quod
270 3089 420 3160 utrumque
444 3083 567 3140 versiirus
593 3082 723 3142 extremis
746 3081 842 3156 hymni
865 3080 1033 3159 Apollinaris
1057 3089 1150 3164 repcti
1169 3088 1274 3150 docui-

162 3190 237 3233 mus.
281 3173 399 3234 Videtur
424 3176 507 3254 igitur
531 3185 561 3234 et
584 3177 643 3246 illa,
669 3184 699 3234 et
726 3173 880 3232 Antimachi
913 3175 1162 3257 improbationem,
1195 3203 1275 3262 quac

162 3266 230 3325 item
247 3267 324 3346 apud
342 3269 541 3327 Callimachum
560 3269 686 3344 extabat,
704 3269 732 3326 in
751 3285 810 3327 rem
829 3286 907 3326 suam
934 3272 1100 3332 convertisse
1128 3275 1274 3355 Catullus,

161 3396 363 3418 *ιιι-

194 3488 226 3561 Ι’)
240 3506 394 3574 quamquam
411 3494 435 3547 is
450 3492 525 3561 liber,
541 3494 569 3548 in
586 3492 658 3575 curius
674 3492 792 3548 laudibus
808 3497 907 3577 multus,
918 3474 959 3549 est
974 3495 1030 3565 ipse
1041 3497 1160 3567 Scaliger
1177 3506 1272 3561 etSil-

168 3588 169 3591 ¹
227 3559 402 3686 llgmnzml
418 3582 447 3687 p,
459 3565 561 3687 xliii„
578 3565 659 3687 nippis
675 3566 799 3647 vetustior
808 3566 863 3689 {uit
874 3565 1073 3690 'lhbstullianoxplt¹
1080 3572 1274 3659 Propertiano,

180 3684 183 3689 ’
225 3649 587 3773 oncl¹pl⁸vli⁹1a²lni⁰n
610 3651 1143 3775 illliromll'ninnlii’solinnlni
1164 3646 1271 3773 {ropac

179 3776 185 3784 “
223 3785 297 3837 gnae,
321 3790 348 3841 p.
374 3774 439 3828 240:
464 3776 559 3829 Nullus
581 3783 620 3828 est
642 3777 670 3826 iu
696 3784 806 3830 veteram
838 3776 963 3829 librorum
986 3780 1123 3834 collatione
1145 3786 1269 3856 Joscpho

177 3862 183 3891 t
224 3841 357 3909 Scalipcro
381 3847 538 3912 expeditior,
562 3862 594 3898 nc
614 3846 777 3915 promptior,
805 3853 834 3897 at
857 3848 885 3898 in
910 3847 994 3900 cadica
1018 3850 1124 3919 Catulli,
1153 3857 1259 3913 libatis·

224 3911 353 3980 &motti
380 3918 571 3983 marrnscripto,
599 3918 688 3983 illisam
705 3933 723 3966 a
746 3917 847 3969 domino
873 3917 978 3970 Cuiocio
1002 3922 1081 3972 misso
1110 3898 1269 3984 obserarunt}
1292 3946 1303 3963 ·

222 3997 295 4050 quma
311 3985 381 4037 tarra
398 3986 470 4053 datos,
488 3994 534 4037 aut
550 3993 604 4036 tres
620 3989 654 4036 att
669 4002 793 4038 summunt
811 3987 865 4038 dics
890 4004 946 4037 carn
967 3990 1023 4038 suis
1048 3996 1166 4059 romalii.
1204 4002 1269 4054 Hoc

221 4057 633 4178 mmmffidcpcrintnm
655 4064 713 4109 erat
737 4072 762 4108 n.
787 4059 821 4107 D.
846 4055 917 4112 1469
939 4058 1112 4131 Ncaur'nsiquc
1136 4082 1156 4116 a
1182 4070 1266 4129 Dora,

342 4140 416 4178 muers
486 4140 533 4178 et·
958 4146 969 4165 ⁶
1016 4154 1040 4165 <·
