2650 4700
132 147 302 252 'tlt
671 159 868 236 raouuuu

148 385 165 400 ·’
221 345 332 437 liutai&
342 341 640 427 mirandem
658 372 718 415 rem
737 343 857 415 celatam
877 343 1108 418 solut-edissae
1132 353 1209 417 fitam
1254 368 1256 410 2

24 503 26 512 ,
101 460 104 472 ’
221 450 364 511 manua.
395 445 572 522 'Cyrenaeus
596 465 654 506 non
681 466 699 507 a
724 439 777 506 sual
800 448 939 508 scribendi
961 448 1205 510 consuetudiuad
1234 490 1251 501 ι.
1300 459 1301 478 l

221 540 410 603 eed'eaudem
427 541 527 598 eximio
545 542 638 619 aliquo
663 542 792 620 exemplu
817 543 985 622 illustratum
1009 543 1073 602 iritr
1099 541 1246 604 Otidluatt

221 625 324 698 iudicia
342 644 428 710 atqua
444 651 522 691 more
540 633 655 693 desciuit
672 636 764 694 multis
785 637 884 711 monis,
904 636 1019 714 eiusque
1036 637 1078 696 rei
1097 655 1209 696 causam
1233 656 1270 688 ιιι
1299 648 1300 651 ’

181 776 184 786 ,
221 729 294 812 ipse,
307 745 406 805 ⁴nequa
425 721 570 803 quisquam
589 727 731 788 iudicavit.
767 729 812 788 De
831 727 872 788 his
891 730 975 789 rebus
992 730 1023 787 in
1041 732 1219 809 sequanubus
1239 757 1268 780 u«

221 837 352 901 agemuse
372 835 446 877 anno
464 838 531 877 uero
548 820 585 878 de
604 839 651 897 eo,
671 840 723 881 cur
741 822 818 903 apud
827 821 958 882 Ovidium
978 823 1079 892 omnia,
1098 823 1196 901 quibus
1213 841 1229 882 a
1251 834 1263 876 ι

129 964 135 987 ,
219 914 340 978 Busacbo
358 911 463 987 differt,
479 913 536 970 sive
555 914 592 971 ad
611 933 762 995 personam
787 914 937 975 aduersarii
962 917 1110 976 tectissime
1134 917 1230 976 iudica
1243 946 1254 966 ··
1300 943 1301 952 ι

219 1012 282 1072 tiro
305 1007 342 1067 ad
368 1005 590 1066 abscondendam
622 1010 743 1069 eandem
769 1018 914 1088 spectant,
941 1009 1013 1069 adeo
1040 1010 1171 1070 iudicium
1202 1038 1257 1067 or-

185 1127 187 1133 *
220 1110 376 1175 morentur,
401 1108 431 1158 et
457 1100 597 1178 quomodo
621 1102 728 1160 factum
754 1105 807 1178 sit,
833 1113 865 1161 ut
883 1102 920 1162 de
940 1103 1109 1162 Callimacho
1135 1105 1215 1182 plura
1283 1088 1289 1125 Ὺ

219 1195 401 1267 innotuerint,
420 1212 504 1271 quam
523 1194 560 1253 de
576 1194 679 1255 Osldio
705 1196 831 1254 simillia
851 1205 932 1254 raet
956 1195 1076 1256 dissimili
1095 1191 1223 1255 librorum
1237 1193 1289 1260 ibid

26 1345 28 1358 .
105 1300 111 1308 “
174 1303 177 1310 ‘
220 1285 345 1369 Reputo,
364 1307 480 1366 quaeso,
504 1308 588 1367 quam
607 1287 716 1347 diuerso
740 1289 825 1347 ruodo
850 1297 954 1368 poetae
975 1289 1060 1368 paulo
1086 1290 1192 1367 priores
1212 1288 1292 1349 tl·¹

126 1423 130 1430 ‹
161 1425 162 1428 η
218 1384 250 1442 lu
268 1380 391 1441 eiusdem
410 1384 565 1458 argumenti
590 1383 757 1454 carminibus
783 1382 884 1441 r'ersati
909 1383 1022 1441 suarim.
1060 1382 1134 1441 Nam
1160 1365 1291 1442 ituraei

220 1473 324 1534 tissime
343 1493 399 1531 nou
418 1486 499 1533 recte'
511 1468 684 1535 Ki'rclruerus
703 1496 729 1534 r.
749 1475 778 1534 d.
798 1476 878 1550 dixit,
896 1475 1002 1554 epodos
1022 1477 1127 1534 Horatii
1152 1477 1200 1534 du
1212 1504 1216 1524 ·
1230 1504 1257 1527 e
1269 1492 1275 1517 ⁵

218 1570 333 1632 dunum
358 1578 504 1648 postquam
523 1571 619 1649 scripti
636 1571 752 1645 sueriot,
771 1586 846 1628 anno
865 1566 954 1627 editos
972 1585 1042 1628 esse.
1085 1564 1218 1629 Domitios
1232 1569 1291 1627 blm

130 1667 133 1680 '
217 1681 267 1727 eus
284 1665 312 1722 io
333 1663 430 1720 Cicuta
448 1663 578 1741 aequales
597 1660 700 1722 multos
719 1662 879 1721 nominatim
896 1662 1066 1739 perstrinxit,
1082 1663 1200 1722 Licinius
1211 1661 1293 1726 Caltss

211 1758 369 1835 Tigellium
395 1754 516 1816 Sardum
541 1757 569 1816 iu
597 1757 792 1836 Hipponacteo
811 1754 988 1833 .praeeooio;
1012 1755 1086 1813 idem
1112 1776 1175 1817 cum
1201 1751 1290 1822 esau

216 1861 250 1914 ct
273 1853 343 1912 For.
372 1849 508 1909 Bibaculo
531 1850 558 1908 J.
585 1847 735 1909 Caesarem
767 1843 963 1928 imperatorem
971 1869 987 1921 ς.
1011 1850 1140 1909 Catullus
1172 1851 1291 1930 plustost

217 1946 331 2008 Cassius
349 1943 505 2002 Parmensis
523 1960 542 2001 e
566 1942 650 2002 docta
674 1945 832 2004 coniectura
857 1941 1009 2003 Weicberti
1032 1944 1083 2015 (da
1100 1944 1138 2004 L.
1156 1945 1234 2004 Vario
1247 1931 1290 2003 αὖ

215 2055 249 2122 p.
274 2039 342 2098 275.
366 2040 449 2109 ²⁸⁰⁴)
475 2045 506 2095 et
531 2036 681 2096 &esocem
706 2035 890 2097 Octauianum
915 2035 1085 2094 triumuirum
1111 2056 1164 2096 auo
1189 2036 1290 2108 uomica,

217 2147 273 2195 uec
289 2132 395 2190 Liuiam
413 2131 465 2187 sub
489 2131 555 2190 ficto
580 2130 694 2192 Mallias
718 2130 852 2192 traduxit.
899 2126 1048 2207 Virgilius,
1074 2131 1123 2208 qui
1148 2129 1219 2189 diras

142 2251 146 2268 ι
217 2226 308 2306 psisse
318 2222 417 2281 dicitur
427 2223 532 2283 Donat.
553 2223 600 2282 rit.
620 2228 649 2298 ᾗ.
670 2229 731 2300 38.,
751 2244 788 2283 aa
807 2224 995 2318 adversarium
1015 2215 1203 2296 nominaverit,
1218 2225 1294 2283 iam

219 2328 280 2379 tom
299 2330 352 2392 ast,
372 2315 412 2375 uti
430 2327 460 2376 et
478 2316 515 2377 da
531 2317 645 2398 Yalerio
664 2313 785 2395 Gitone,
812 2335 878 2378 uum
898 2335 932 2377 ea
950 2318 1101 2396 scripserit,
1118 2335 1194 2398 quaa
1214 2315 1291 2377 citri·

124 2438 127 2443 ⁴
217 2413 353 2487 Martae,
373 2430 439 2471 uum
458 2429 492 2470 ea
511 2411 589 2471 dirae
606 2412 674 2485 siut,
694 2430 760 2470 uum
780 2432 874 2471 serum
893 2411 1040 2470 adversarii
1060 2432 1163 2472 nomeu
1194 2441 1211 2462 ιι

214 2517 276 2569 aut.
313 2505 372 2566 Sed
390 2505 516 2564 Catullus
533 2505 568 2580 si,
587 2507 663 2582 quod
683 2506 807 2565 lactamus
824 2506 880 2565 luit
895 2505 1048 2565 secuudum
1073 2507 1170 2565 scitam
1188 2504 1292 2563 Veleia·

214 2603 286 2663 uarii
304 2601 503 2671 coniecturam,
524 2599 583 2657 lbiu
596 2599 759 2659 Callimachi
778 2592 914 2676 vertisset,
934 2601 979 2658 val
996 2602 1117 2659 imitatus
1134 2601 1238 2675 tuismt,

213 2714 279 2757 tneo
299 2692 385 2754 Gellii
401 2693 517 2752 forsitan
543 2705 713 2772 usurpasset.
760 2694 935 2754 Vetustiorrs
960 2694 1127 2770 Laberium,
1154 2693 1242 2752 Pttbol
1255 2727 1264 2739 u

212 2789 366 2860 Rhodium,
384 2787 531 2863 Lucilium,
557 2786 695 2848 Naevium
720 2789 813 2847 licebit
838 2797 941 2846 tacere.
988 2789 1068 2857 Quos
1092 2798 1188 2847 autem
1212 2800 1294 2846 motu·

212 2883 329 2951 suimus,
348 2883 367 2940 ii
387 2891 477 2953 crant,
496 2900 569 2959 quos
587 2879 704 2940 Ouidius
723 2901 779 2940 aon
801 2891 914 2941 secutus
933 2892 993 2957 est,
1010 2880 1060 2940 sed
1079 2879 1148 2941 olim
1165 2898 1212 2941 sec
1236 2907 1249 2930 r
1272 2909 1273 2914 ¹

209 2977 277 3053 tuit,
293 2976 318 3034 si
335 2973 387 3055 ipsi
405 2969 558 3033 credimuse
1275 2966 1281 2975 '

197 3070 203 3079 '
369 3068 519 3128 Postmodo
536 3068 619 3147 plura
639 3068 720 3145 lepra,
742 3074 768 3126 ct
784 3086 882 3128 nautea
900 3065 1029 3152 &lautia
1047 3088 1152 3129 umen.

101 3215 105 3229 ι
207 3164 320 3227 Verum
338 3173 371 3222 ut
388 3180 442 3240 ego
460 3161 568 3237 dicam,
593 3162 669 3240 quod
688 3156 801 3236 sentio,
830 3161 933 3221 frustra
951 3162 1004 3222 ista
1028 3165 1207 3238 minabatur,
1239 3189 1258 3212 ιι

209 3272 296 3337 quam
313 3258 439 3316 lactamus
461 3255 524 3315 luit.
563 3255 629 3314 Nou
655 3258 722 3333 quia
747 3258 873 3333 graviora
899 3256 992 3315 adbuc
1009 3256 1063 3315 dici
1081 3252 1127 3314 rix
1153 3277 1192 3336 po
1212 3287 1274 3309 ιι

210 3362 261 3411 aut
279 3352 344 3430 quia
363 3350 455 3409 Osldii
473 3350 613 3428 ingenium
632 3348 726 3407 odium
755 3350 811 3408 suis
838 3353 1009 3430 temporibus
1032 3350 1148 3427 dignum
1173 3372 1222 3411 sus
1233 3352 1271 3404 71«

210 3458 268 3504 uon
286 3445 411 3515 valuerit,
430 3445 480 3503 sed
497 3444 573 3516 ideo,
591 3442 656 3522 quia
677 3444 700 3499 si
720 3443 786 3521 quid
805 3445 936 3523 seipsum,
956 3455 1006 3503 aut
1031 3462 1098 3503 suos
1122 3452 1243 3517 amaa,
1265 3472 1273 3490 ν

207 3537 329 3598 seudum
349 3537 374 3595 ei
392 3539 455 3612 luit,
475 3556 511 3595 ne
528 3536 597 3595 illud
617 3536 791 3616 experiretur
810 3537 989 3597 Callisuacbis

326 3623 385 3701 Ὃς
403 3625 436 3690 δ’
458 3622 555 3712 ἑτέρῳ
570 3626 649 3689 κακὰ
669 3622 778 3705 τεύχει,
797 3618 839 3711 ἑῷ
858 3624 951 3688 κακὸν
966 3624 1063 3705 ,ἥπατι
1084 3624 1196 3708 τεύχει.

287 3730 349 3785 lloc
373 3728 412 3784 ita
440 3726 524 3784 luisse
548 3744 565 3782 a
589 3725 719 3783 facillima
743 3734 899 3802 temporum
930 3726 1137 3802 compotatione
1162 3724 1254 3802 colligi
1286 3751 1295 3762 ι

209 3823 336 3900 Scriptus
355 3833 397 3879 est
416 3821 468 3879 lbis
486 3820 514 3877 iu
534 3819 615 3876 exilio
636 3828 665 3877 ct
683 3828 747 3895 post
765 3821 884 3895 primum
902 3820 1032 3876 nuncium
1047 3819 1131 3878 dorna
1151 3830 1275 3899 accept
1297 3879 1298 3882 ,

208 3916 284 3994 quod
303 3924 370 3973 autc
388 3933 490 3971 annum
516 3914 575 3970 762
601 3911 661 3969 lieri
686 3928 742 3968 non
771 3912 878 3988 potuits
906 3911 959 3968 hoc
978 3913 1005 3968 iu
1030 3930 1063 3969 ra
1089 3915 1235 3991 praesenti
1254 3923 1297 3961 αι’·

107 4044 112 4058 1
207 4010 276 4084 licit,
295 4010 467 4066 accuratiora
485 4006 557 4066 inira
575 4007 662 4081 leges.
701 4005 759 4062 lam
778 4024 843 4063 sero
862 4005 944 4065 uelim
962 4005 1061 4064 sedulo
1086 4008 1218 4085 inquiras
1236 4025 1275 4082 op

206 4101 361 4180 lutericus,
382 4116 447 4164 uum
467 4118 632 4182 quemquam
653 4110 777 4179 poetam,
796 4106 846 4160 aut
863 4099 1026 4177 scriptoram
1045 4111 1281 4179 possessosum
