2650 4700
213 181 274 273 'us
343 186 347 200 u
526 161 619 249 fle.
641 173 970 255 ovun'msons·

270 371 322 449 lit
346 351 434 448 date
454 368 647 474 nauasgto
670 369 793 449 littora
817 371 1016 451 tnta'meor
1140 379 1147 388 '
1212 385 1229 452 '.

159 509 176 528 ν’
218 475 332 555 Neve
355 482 452 550 metu
475 473 571 549 falso
595 477 748 550 nimium
761 475 952 575 trepidate,
979 482 1158 576 timentes,

271 582 351 655 Hac
375 575 577 676 offendatur
596 600 644 654 ne
666 575 803 678 pietate
828 578 930 653 deus.
994 631 998 642 .
1046 631 1050 640 ‚
1149 617 1154 654 ;
1223 631 1226 640 ι

205 678 344 783 ,Saepe
369 680 477 766 fidem
501 678 671 755 adversis
697 682 803 756 etiam
827 680 990 759 laudavit
1012 683 1050 756 in
1073 686 1191 778 armis,
1257 703 1262 714 ’

166 794 205 853 to
270 785 384 883 Inque
408 783 485 857 suis
510 790 606 856 amat
629 783 724 859 hano
749 782 901 877 Caesar,
926 787 963 858 iu
988 782 1094 861 hoste
1115 789 1262 887 probat.

217 885 364 966 Caussa
388 908 469 961 mea
493 889 552 959 cst
575 884 713 978 melior,
738 888 798 983 qui
823 909 896 960 nou
921 891 1102 964 contraria
1129 890 1209 969 fovi
1308 913 1310 926 ¹

158 993 165 1022 ‘
191 1015 193 1022 ’
267 984 493 1080 Arma'sed'
508 985 739 1063 hanc'merui
763 984 989 1088 simplicitate
1014 990 1147 1092 fugam.
1308 1009 1309 1016 ’

214 1085 388 1189 invigiles
411 1091 521 1188 igitur
547 1093 681 1166 nostris
705 1113 773 1192 pro
801 1091 957 1186 casibus,
983 1114 1060 1188 oro,

266 1192 420 1290 Dimiuui
447 1194 481 1265 si
504 1215 576 1296 qua
593 1193 751 1267 'nmninis
777 1194 833 1268 ira
856 1200 987 1294 potest.

162 1303 202 1377 46
218 1292 326 1376 Scire
350 1317 451 1374 meos
475 1309 585 1371 casus
610 1298 643 1369 si
668 1296 750 1394 quis
773 1295 965 1373 desiderat
979 1319 1114 1390 omues,

266 1398 370 1489 Plus,
395 1423 498 1498 quam
525 1396 623 1496 quod
646 1398 726 1474 fieri
748 1421 813 1475 res
838 1402 932 1495 siuit,
955 1398 1018 1475 ille
1042 1401 1142 1500 petit.

215 1500 292 1580 Tot
316 1499 412 1578 mala
434 1525 512 1575 sum
536 1525 684 1601 passus,
706 1509 793 1602 quot
815 1504 854 1576 in
879 1502 1027 1579 aethere
1041 1503 1169 1579 sidera
1185 1498 1310 1599 lucent

362 1652 429 1711 45.⁴
449 1669 528 1711 meos
545 1653 570 1710 si
588 1653 649 1744 quis
669 1671 752 1746 casus
768 1652 916 1713 desideret.
992 1655 1040 1712 46.
1078 1643 1168 1733 petat.

188 1802 190 1808 ·
211 1786 327 1854 memo,
346 1778 525 1857 quia'iossaa
542 1797 587 1837 res
606 1778 679 1836 bene
698 1780 867 1837 conveniunt
885 1779 1031 1860 naufragio
1047 1780 1174 1858 proxime
1195 1795 1310 1840 comme*

203 1857 337 1930 morato,
365 1855 416 1913 cfr.
434 1854 517 1913 Pont.
536 1861 568 1930 2,
587 1857 617 1932 6,
639 1859 687 1929 11,
710 1859 759 1930 12,
781 1856 846 1914 13.‘
866 1855 962 1916 lassos
984 1876 1031 1917 tes
1050 1857 1122 1915 dixit
1139 1856 1212 1917 Seu.
1232 1858 1309 1916 Hero

202 1931 267 2006 tur.
286 1935 354 1992 646.
392 1933 484 1991 Plaut.
502 1932 599 1990 Sticho
618 1933 648 2004 4,
670 1937 699 2005 1,
723 1935 776 1991 16:

203 2009 216 2035 '·
508 2023 547 2055 -·-
566 2016 599 2066 ot
617 2011 712 2083 ουὶᾳιιο
729 2007 834 2068 homiui
850 2027 897 2070 ros
912 2017 1017 2087 parato
1035 2016 1086 2084 est,

200 2152 214 2161 ⁶
228 2081 253 2136 Ἴ
297 2085 389 2152 Firmi
404 2085 489 2143 amici
505 2093 587 2143 suot:
606 2084 653 2141 obi
670 2101 716 2142 res
733 2085 806 2143 lassa
823 2086 901 2145 tabat
918 2087 1012 2145 itidem
1030 2085 1230 2147 aotlshasoruat.
1309 2143 1310 2170 ,

85 2221 86 2224 ,
200 2164 305 2236 Sidon.
334 2181 419 2220 carm.
439 2162 469 2236 5,
490 2180 516 2219 v.
537 2162 571 2217 δε
592 2162 717 2218 lassatas
740 2178 802 2235 ses,
831 2165 878 2219 ubi
905 2164 960 2222 vid.
987 2165 1124 2222 Savamn.
1148 2184 1196 2224 ras
1222 2164 1306 2240 semet

206 2241 370 2377 ssplqueuper
389 2239 530 2372 6d⁷icuutur
558 2235 734 2337 315⁰,ssl‘211o
760 2237 816 2296 vid.
834 2240 954 2318 Rupert.
988 2240 1035 2311 ad,
1062 2246 1098 2317 l,
1124 2240 1193 2302 566.
1240 2243 1304 2301 Stat·

256 2320 301 2377 eb.
369 2319 390 2374 7
429 2356 437 2372 .
1172 2372 1173 2379 ,
1207 2343 1210 2348 ·

177 2382 209 2391 ‘'
282 2357 350 2452 tu’
368 2378 572 2473 rspushurs.
611 2394 648 2449 In
665 2390 750 2449 soriis
766 2399 845 2451 omui
861 2393 934 2453 hooc
950 2394 1084 2453 Francius
1103 2397 1241 2454 tentabat.
1308 2446 1309 2455 ,

280 2473 329 2528 41.
369 2488 425 2545 our
452 2486 519 2526 aon
537 2498 575 2511 --
595 2484 683 2524 novt.
729 2471 796 2544 quio
820 2488 877 2529 ooo
902 2470 992 2529 Palat.
1020 2490 1077 2530 sec.
1106 2472 1183 2530 Gali.
1209 2487 1301 2531 norem

154 2575 157 2585 =
200 2548 321 2621 Heinsii,
341 2546 458 2623 Seguer.
484 2545 548 2603 Rel.
576 2553 605 2602 et
631 2544 697 2602 edd.
723 2554 804 2603 vett:
819 2567 850 2604 us
871 2566 907 2605 ue
930 2548 966 2605 ad
998 2547 1122 2605 Aldinam
1144 2546 1308 2623 secundam„

198 2644 261 2702 ⁸orm
279 2643 336 2683 noa
353 2622 473 2680 Putean.
500 2623 642 2680 coenoso
669 2623 744 2679 mosi
769 2639 829 2681 exc.
851 2567 938 2683 hess.
963 2625 1042 2682 Busl.
1070 2626 1143 2702 Reg.
1169 2645 1224 2703 pro
1248 2644 1299 2685 var.

202 2719 258 2760 scr.
279 2709 400 2778 quatuor
417 2699 463 2757 alii
483 2698 599 2770 Heinsii,
619 2696 683 2754 cod.
703 2699 811 2756 Bersm.
829 2700 915 2758 Bern.
928 2702 1010 2760 Crev.
1048 2701 1121 2758 Huic
1140 2704 1308 2785 scripturae„

174 2780 176 2787 ’
201 2777 328 2834 simodo
346 2777 441 2855 plures
460 2774 542 2831 codd.
561 2774 737 2850 accederent,
774 2775 817 2832 lus
835 2779 967 2834 acuminis
995 2779 1085 2835 inesse
1125 2780 1202 2852 ossit,
1223 2795 1298 2856 quam

178 2853 278 2944 squod
305 2852 482 2909 Burmannus
506 2869 539 2907 ca
560 2859 635 2908 eret:
661 2850 715 2909 cfr.
765 2862 824 2910 out.
853 2859 882 2929 1,
903 2860 936 2928 l,
957 2857 1006 2912 26.
1053 2797 1123 2912 sed
1138 2855 1222 2913 codd.
1241 2844 1308 2935 plu-,¹

199 2932 262 3064 hm}
287 2929 418 3021 faciendi.
455 2928 522 3005 posi
570 2927 657 2986 moth.
698 2929 778 2988 Vers.
798 2929 848 2989 43.
888 2934 934 2991 Ea
954 2930 1050 3008 stipites
1067 2930 1216 3007 Francos„
1234 2938 1307 3017 teste,

228 3025 323 3065 ernsro.
1002 3030 1005 3039 ·

276 3083 325 3141 45.
366 3096 464 3139 casus
491 3097 596 3154 srpurs
623 3097 820 3141 nusrnuuun.
859 3080 989 3139 Huncin
1015 3081 1126 3141 modum
1155 3083 1254 3142 Guelf.
1272 3088 1298 3139 et

198 3156 265 3218 edd.
284 3169 352 3217 vett.
370 3166 482 3216 nostrae
501 3174 608 3231 ornnes,
626 3159 710 3214 etiam
729 3158 907 3235 posteriores,
928 3157 965 3215 ad
985 3177 1054 3236 quas
1073 3159 1155 3219 codd
1167 3163 1203 3217 ab
1214 3160 1306 3259 Heio-p

196 3238 239 3294 sio
259 3245 288 3293 et
306 3237 365 3293 aliis
384 3240 443 3292 siue
462 3232 647 3309 discrepantia
662 3233 719 3291 hoc
743 3235 806 3292 loco
826 3235 920 3291 collati
943 3244 1028 3293 sunta
1058 3236 1144 3303 Quod
1170 3237 1296 3294 Heinsius

197 3311 339 3371 ediderat:
366 3329 441 3370 meos
465 3312 493 3368 st
519 3313 581 3386 quis
609 3329 692 3368 ausos
719 3318 827 3368 tantum
851 3310 917 3368 cod.
942 3310 1060 3389 Seguer.
1086 3322 1163 3371 certo
1192 3318 1295 3370 constat

195 3387 335 3462 habuisse,
355 3390 400 3445 cui
413 3387 503 3445 nostri
520 3386 616 3445 Betui·
641 3396 672 3444 et
699 3387 782 3449 Creu.
809 3385 955 3451 accedunt.
1004 3386 1137 3446 desideret
1162 3391 1247 3447 etiam
1264 3404 1294 3445 ex

195 3465 331 3524 Serviano
357 3472 464 3522 tautum
489 3471 519 3521 et
545 3462 653 3520 duobus
671 3461 736 3520 aliis
755 3464 791 3521 ab
806 3463 865 3520 ‘iilo
884 3470 1028 3543 receptum
1043 3474 1145 3522 contra
1163 3465 1294 3541 plurimo·

193 3560 256 3599 rum
274 3551 304 3599 et
322 3543 490 3620 optimorum
508 3538 604 3614 fidem,
623 3540 749 3616 quamvis
770 3549 865 3598 nostru
884 3539 1006 3598 Reland.
1032 3548 1062 3603 et
1079 3541 1175 3600 Berol.
1202 3559 1294 3601 amen·

192 3619 332 3678 tieutibus.
461 3628 464 3633 ’

270 3696 325 3753 46.
357 3714 450 3771 snus,
471 3709 563 3771 purus
584 3709 669 3766 puou
689 3706 778 3750 rrrtnr
790 3708 849 3753 ass
862 3708 965 3768 staur,
985 3711 1060 3752 runs
1077 3712 1185 3753 snrrr.
1227 3688 1304 3775 prod,

193 3772 260 3830 sciri
277 3771 389 3830 Pirchh.
427 3771 505 3830 Num
522 3775 599 3847 petat
626 3768 709 3827 codd.
734 3768 892 3843 habuerint,
920 3789 955 3827 ex
973 3772 1079 3829 Heinsii
1095 3781 1164 3830 nota
1187 3771 1217 3829 iu
1237 3769 1304 3867 edi-p

192 3848 270 3906 tione
288 3851 399 3908 minime
420 3856 540 3931 cepstat,
558 3854 608 3904 aut
626 3845 649 3902 si
670 3854 797 3904 constare
814 3846 951 3920 videatur,
970 3846 1078 3905 schedis
1097 3849 1165 3922 sius,
1185 3848 1234 3905 ubi
1253 3844 1291 3904 ni·

192 3921 231 3981 hii
257 3920 391 3985 eiusmodi
423 3926 554 3997 extabat,
587 3922 702 3980 dubium
736 3923 870 3996 redditur.
915 3922 1009 3981 Etiam
1033 3923 1120 3986 Bern.
1145 3936 1173 3983 et
1207 3914 1304 3999 nostrii

191 4019 256 4059 curu
274 4012 343 4061 vett.
365 4001 429 4061 edd.
449 3996 593 4059 omuibus:
615 4001 695 4073 petit,
715 4000 765 4056 uisi
784 3999 861 4077 quod
886 3997 981 4058 Berol.
999 4017 1043 4059 *eo
1060 3998 1199 4060 scribendi
1218 4017 1290 4058 oum·

189 4078 294 4156 pendia
314 4079 411 4154 utitur,
429 4098 486 4157 quo
504 4077 686 4154 plerumquee
706 4082 796 4153 potest
813 4074 991 4152 significatur.
1190 4072 1196 4081 ’
1300 4040 1303 4189 ⁴

263 4157 314 4216 47.
358 4174 397 4214 rs
421 4170 572 4213 unusne
598 4168 726 4225 ‚saurus
755 4164 893 4211 notras.
943 4152 1037 4213 sidero
1056 4153 1172 4235 ,sculpsit
1205 4153 1303 4227 Bem,

1251 4260 1302 4661 i
