2650 4700
231 187 311 272 ppo
678 162 881 266 eaonhsm

235 362 310 446 Quid
327 364 438 445 umor,
455 367 504 441 nt,
523 359 553 421 h.
573 365 600 422 e.
620 376 727 439 qnam
746 355 953 439 eleganter,
970 377 1074 439 quam
1091 357 1206 438 docte,
1222 378 1272 440 qna

233 459 330 534 ¹noro
363 449 472 517 mo'do
500 454 613 534 Scyllae
638 454 820 512 mutationem
855 455 1022 515 namarerits
1056 454 1093 514 de
1117 474 1172 533 qna
1195 456 1264 535 partic
1282 446 1293 493 J

234 551 391 638 emphatice
417 549 597 629 producenda
616 546 674 608 uid.
692 545 787 605 Valet.
807 546 896 606 Prob
917 566 949 625 p
968 546 1016 609 75.
1053 546 1190 624 Lindem,
1207 547 1293 626 qnanr'

233 642 464 734 ineptiat.1am
486 644 547 706 eius
573 640 701 701 novitatis
727 639 899 698 indicium
876 660 901 698 ss
917 659 1025 722 ponere
1044 642 1172 698 voluisset
1190 639 1274 718 virgili

234 742 368 850 raterio,
386 737 423 797 de
442 736 500 795 Ciri
527 754 584 795 non
611 733 769 793 dubitatum
794 751 911 812 usquam
938 742 1028 793 essets
1048 742 1077 792 at
1094 735 1190 809 noluit,
1207 735 1276 811 qnia
1290 784 1291 789 ,

204 885 207 894 .
235 837 337 902 mirum
355 832 384 891 in
409 831 588 909 sequentibus
614 829 699 888 etiam
724 826 763 886 de
787 830 939 886 mutatione
961 827 991 884 in
1017 845 1083 885 aves
1106 826 1272 886 dicendum
1256 825 1284 885 ir

236 927 363 992 ridebatr
382 924 463 984 illia
454 924 541 1001 igitur«
556 922 709 979 clausulam
727 919 804 977 iliam
823 930 1004 978 venustame
1022 920 1080 978 Ciri
1099 934 1222 1001 usurpat:

532 1033 587 1074 seso
605 1018 680 1073 teoto
699 1010 938 1088 supervolitaverit
957 1014 1026 1087 oiim

211 1182 216 1186 ¹
238 1124 324 1192 atque
342 1129 379 1171 ex
397 1129 432 1169 eo
451 1124 533 1167 uersu
558 1106 688 1166 subolere
712 1105 840 1164 nonnihil
865 1107 957 1184 potuit
984 1106 1235 1187 interpretibus,m
1213 1109 1220 1124 ‘
1212 1127 1291 1172 m«,

237 1197 266 1266 i.
285 1206 323 1262 H.
340 1204 451 1278 vossio,
470 1203 507 1261 de
526 1200 642 1260 artificio
662 1216 728 1258 rere
746 1196 914 1277 virgiliano,
934 1218 992 1277 qno
1012 1200 1041 1260 in
1054 1203 1155 1280 priore
1177 1200 1273 1259 sabula
1270 1227 1284 1245 2

240 1283 331 1360 hecht
349 1317 368 1356 a
385 1297 544 1356 venustiore
562 1295 654 1354 forma
673 1292 710 1351 ad
730 1301 864 1367 veterem,
885 1293 1002 1352 totidem
1020 1312 1113 1371 paene
1130 1296 1274 1354 uerbisa¹
1290 1348 1292 1353 ,

240 1385 325 1453 ¹etiam
344 1398 597 1450 commemoratam.
638 1386 713 1445 Nam
732 1387 816 1445 etiam
835 1386 882 1445 illa
902 1385 939 1445 ad
959 1386 1121 1446 varietatem
1145 1385 1280 1517 ‹eclogaec'r
1290 1426 1292 1453 ;

240 1484 442 1545 conciliandam
468 1492 535 1561 apta
561 1491 640 1556 erat,
668 1482 793 1559 quamvis
818 1480 908 1538 minus
936 1497 1018 1538 aures
1043 1479 1270 1541 demulceretsrn

241 1578 316 1638 enim
335 1587 440 1635 temere
458 1576 510 1634 ista
528 1576 704 1647 inseruntura
734 1574 782 1633 Aa
807 1576 885 1649 sirpo
913 1570 1095 1647 mfoiiorl-
1054 1576 1229 1654 Demque
1248 1594 1267 1651 q

242 1668 365 1747 Siihgrus
383 1688 413 1748 p
435 1668 499 1727 150
520 1668 570 1742 ait,
588 1672 693 1728 crescito
711 1687 750 1743 se,
770 1666 842 1725 crode
864 1669 982 1724 Vossius
999 1669 1181 1744 transturas,
1203 1662 1277 1740 trias

242 1759 338 1837 holos,
358 1761 456 1839 qrtuiis
469 1761 519 1821 iila
539 1762 716 1837 decesisse,
735 1744 831 1840 pheres
848 1777 868 1816 o
890 1759 975 1819 Gallo
994 1768 1161 1840 compositos
1175 1762 1282 1836 {nieme

241 1855 363 1937 pugnari
381 1875 437 1915 non
456 1873 513 1915 uno
531 1855 616 1914 modo
636 1866 738 1933 potest.
783 1854 857 1912 Nam
885 1871 949 1911 curn
974 1855 1051 1932 qnod
1078 1857 1204 1931 Servius,
1225 1853 1281 1911 Pro
1280 1874 1287 1887 ¹

244 1958 275 2018 et
295 1949 445 2010 Diomedes
463 1950 565 2007 Latine
583 1967 693 2007 versum
711 1948 921 2027 Euphorionem
940 1966 957 2005 a
977 1947 1061 2008 Gallo
1080 1948 1189 2025 dicunt,
1210 1965 1251 2026 quo

243 2041 275 2102 id
292 2044 442 2120 pertineat,
462 2042 629 2115 nesciamus,
655 2051 705 2099 aut
724 2043 815 2100 omnia
835 2042 893 2099 eius
919 2044 1048 2112 verterit,
1074 2062 1186 2102 necesse
1206 2048 1251 2115 est,
1271 2062 1284 2085 u

244 2137 345 2195 multa.
383 2134 545 2211 singulares
571 2133 723 2191 istiusmodi
749 2133 860 2193 fabulas
886 2134 1096 2213 Euphorionem
1119 2135 1239 2215 scripsisse
1261 2140 1290 2178 Ψ

245 2237 372 2287 onustat:
408 2246 506 2285 eorum
541 2227 683 2306 simillima!
710 2228 863 2285 secundnm
894 2228 1025 2288 Meinekii
1048 2250 1077 2289 r.
1104 2231 1141 2289 cl.
1165 2228 1230 2286 coni

245 2341 277 2403 p.
297 2327 347 2382 32.
366 2316 397 2381 Γ
395 2314 502 2398 ἔρανος
527 2319 622 2380 inerit.
662 2318 779 2378 illarum
807 2321 941 2399 quasdam
965 2324 1135 2402 expressisse
1153 2320 1245 2380 Galim

245 2416 355 2496 optimo
373 2414 470 2476 coniici
496 2423 601 2492 posset,
619 2413 671 2472 sed
693 2432 710 2472 e
728 2414 881 2490 virgiliana
900 2416 1017 2473 maxime
1035 2417 1148 2494 ecloga:
1174 2422 1235 2473 certe
1254 2422 1293 2480 1¹¹.

247 2511 380 2586 murm,
405 2509 457 2569 cfr.
478 2528 506 2567 r.
526 2511 576 2583 81,
595 2512 643 2566 82.
671 2516 700 2566 et
725 2507 847 2567 Meinek.
869 2510 906 2568 ad
925 2507 1058 2586 Euphor.
1080 2528 1111 2586 p.
1130 2511 1176 2566 89.
1183 2547 1192 2577 ,
1212 2499 1276 2582 qun·⁴

246 2601 285 2663 de
310 2601 434 2661 Hesiodo
459 2601 534 2660 docti
562 2601 611 2657 riri
637 2620 695 2659 non
722 2601 887 2661 audiverunt
921 2602 1113 2661 Fontaniuum
1138 2601 1196 2659 hist.
1217 2597 1247 2655 lit

199 2755 203 2761 „
247 2714 280 2774 p.
298 2699 347 2754 sl.
367 2693 451 2752 etde
470 2693 631 2766 Hulonilril
651 2695 720 2752 certi
740 2703 859 2769 constat,
880 2693 935 2753 vid.
954 2695 1076 2754 Meinek.
1096 2715 1126 2773 p.
1143 2696 1203 2751 177.

247 2785 316 2865 qnid
333 2786 464 2865 impedit,
481 2787 628 2863 quominus
647 2805 665 2844 e
683 2787 831 2845 maioribus
849 2787 1035 2865 Euphorionis
1054 2780 1281 2867 corporibnssel

247 2877 361 2939 fabulas
379 2890 512 2957 tractasse
533 2881 649 2938 Gallum
667 2881 789 2939 animum
808 2881 981 2955 inr'srcarnus,
1000 2881 1077 2939 reiut
1093 2879 1223 2939 Catullum

247 2973 380 3051 suspicati
407 2993 512 3032 snmus.
556 2973 581 3030 E
609 2968 767 3031 Cirihadum
801 2975 898 3051 quinto
923 2975 997 3035 libro
1023 2973 1060 3032 dc
1085 2976 1197 3051 Gryneo
1225 2987 1280 3026 nun

248 3082 361 3128 carmen
379 3086 461 3125 suum
480 3067 631 3126 adornasse
649 3057 735 3124 nemo
758 3065 876 3141 dubitat,
895 3078 1044 3147 postquam
1062 3067 1209 3127 Meinekins
1223 3081 1245 3139 p·
1258 3063 1284 3115 p<

248 3156 457 3230 demonstrarit.
496 3161 557 3220 Cur
573 3178 630 3218 non
650 3178 668 3219 e
684 3159 833 3239 Mopsopia
851 3160 1036 3239 desumpserit
1053 3160 1176 3219 fabulam
1193 3151 1246 3216 dal
1260 3177 1279 3218 ¹?

249 3261 280 3313 et
296 3251 463 3326 Philomela,
482 3254 564 3312 immo
583 3254 674 3332 ipsam
693 3254 782 3329 Cirin,
801 3253 1026 3332 quandoquidem
1051 3264 1131 3314 retus
1156 3250 1219 3312 illud
1232 3248 1278 3305 Δ·1

248 3363 353 3405 nomen
371 3347 455 3407 etiam
473 3347 599 3425 Megarin
618 3344 854 3423 comprehendit?
876 3348 951 3424 quod
970 3349 994 3406 si
1012 3357 1096 3423 esset,
1122 3346 1280 3426 aptissime

248 3440 369 3497 oemium
395 3440 433 3498 de
459 3441 597 3521 Cecropio
632 3439 745 3497 hortulo
777 3447 806 3497 et
833 3441 919 3518 peplo
951 3438 1157 3505 Panathenaico
1187 3458 1265 3497 au·v

206 3544 213 3554 ⁸
248 3529 386 3590 Nimirum
404 3540 482 3609 tunc,
508 3553 573 3593 cuns
590 3534 689 3611 ecloga
714 3542 793 3590 sexta
818 3543 1042 3611 componeretur,
1066 3552 1126 3592 non
1152 3533 1200 3593 nisi
1225 3530 1285 3594 κ·’,·“ἳ

248 3623 358 3684 fabulas
374 3637 568 3706 excerpserat:
593 3636 693 3705 postea
709 3625 827 3685 sortasse
846 3633 935 3684 totum
954 3626 1022 3687 illud
1040 3644 1164 3701 carmen,
1188 3622 1227 3683 cui
1241 3631 1277 3677 ¹11¹

248 3713 410 3793 Μοψοκία
436 3711 646 3803 diurnare,
674 3729 725 3779 aut
751 3717 871 3778 reddidit
889 3718 1008 3797 Latine,
1033 3728 1083 3779 ant
1106 3706 1278 3780 rsddtnml·

247 3807 320 3869 estro
347 3810 420 3871 enim
445 3813 530 3877 modo
553 3833 617 3874 cunr
645 3811 897 3892 trancriptum
927 3812 1095 3879 somanimt
1118 3828 1210 3873 sersus

247 3901 296 3965 Od-
315 3908 343 3974 ¹)
361 3905 393 3981 7,
410 3903 441 3968 ⁶·
458 3918 518 3988 §qai
