2650 4700
80 194 91 202 ·
208 200 286 287 pr
570 189 605 250 Ρ..
625 185 759 249 OVOEII
777 186 951 279 NASONIS

209 378 381 480 Perpetui
405 374 556 454 fructum
581 373 716 451 donavi
741 374 910 449 nominis:
936 372 1053 472 idque,

262 484 342 575 Quo
369 479 457 554 dare
483 478 534 555 uil
558 481 658 579 potui
683 500 830 552 munere
853 479 977 569 maius,
1003 477 1128 553 habes.

159 595 193 657 15
210 586 330 675 Adde,
356 581 462 680 quod,
490 589 528 655 ut
551 605 669 657 rerum
695 580 775 653 sola
801 603 842 653 es
867 580 980 654 tutela
1005 602 1181 673 mearum,

260 685 323 763 Ad
348 691 385 759 te
411 707 483 759 non
508 685 611 783 parvi
637 683 739 757 venit
763 681 911 758 honoris
937 706 1039 759 onus.

210 787 316 883 Quod
340 811 517 885 nmrquam
537 809 614 862 vox
639 791 697 860 ost
721 782 768 858 de
792 792 830 858 te
855 808 934 859 mea
957 792 1064 878 muta,
1087 783 1224 883 tuique

258 889 406 965 Iudiciis
439 887 553 966 debes
577 910 662 963 esse
685 887 841 986 superba
865 889 945 963 viri.

211 992 314 1085 Quae
338 1015 386 1067 ne
412 992 490 1088 quis
516 993 631 1091 possit
655 992 847 1065 temeraria
871 987 1005 1076 dicere,
1028 991 1169 1086 persta,

158 1102 195 1156 20
260 1095 310 1170 Et
333 1093 468 1193 pariter
489 1110 600 1169 serva
624 1108 751 1190 meque
775 1093 938 1192 piamque
961 1089 1077 1165 fidem.

206 1194 303 1272 Nam
326 1204 389 1269 tna
413 1194 495 1270 dum
520 1197 695 1286 stetimus,
720 1197 814 1295 turpi
838 1195 917 1268 sine
943 1194 1001 1275 cri,
1032 1194 1090 1269 ‘ne
1113 1190 1269 1286 mansit,

211 1316 214 1321 ’
257 1297 307 1373 nt
331 1301 464 1373 tantum
490 1290 651 1399 probitas
676 1294 929 1394 irreprehensa
953 1217 1041 1369 fui?

207 1401 347 1478 *Par
370 1398 497 1477 eadem
522 1407 656 1476 nostra'
671 1422 767 1474 nunc
792 1405 850 1475 cst
874 1398 943 1476 sibi
966 1398 1065 1475 lacta
1087 1395 1218 1473 minat

412 1551 460 1609 19.
499 1538 622 1627 praesta.
698 1555 748 1608 22.
785 1548 825 1607 Et
842 1547 954 1607 landem
972 1582 1012 1596 -··
1028 1547 1103 1606 tulit.

206 1674 316 1736 Pirchh.
341 1674 461 1751 Seguer.
504 1673 660 1734 Verissime
684 1675 814 1732 Heinsius
839 1683 869 1732 et
893 1672 1064 1732 Schraderns
1091 1669 1146 1729 boc
1171 1666 1277 1728 distich

206 1754 443 1832 proscripserunt·
478 1760 567 1809 totum
592 1752 647 1808 huc
672 1771 729 1808 non
765 1750 903 1828 quadrat,
934 1750 1041 1806 siaonia
1071 1757 1137 1805 sunt
1171 1765 1250 1805 aro
1269 1751 1294 1793 ι’

205 1829 290 1908 ploro
312 1844 379 1905 pro:
398 1824 474 1904 pluo,
493 1827 619 1887 uarbrum
637 1826 676 1885 ud
694 1847 789 1887 arunas
807 1845 875 1886 suos
893 1794 995 1902 aliquid
1014 1824 1097 1897 ferro.

286 1907 332 1961 14.
370 1922 426 1962 mr.
452 1922 552 1961 norun
578 1935 617 1947 ·-
643 1921 759 1976 uanus.
805 1921 860 1960 troo
891 1905 969 1979 potui
999 1901 1101 1959 hloret.
1135 1898 1223 1960 anl.
1249 1900 1282 1957 ln

206 1980 287 2060 prIm.
308 1979 353 2039 ed.
392 1983 484 2037 aratos
509 1979 577 2037 hoba
601 1980 689 2036 Goth.
710 1999 737 2039 r.
762 1999 814 2037 scr.
841 1978 936 2036 Berol.
961 1986 991 2036 et
1017 1977 1082 2038 duo.
1130 1977 1218 2048 erod
1254 2004 1275 2025 ..-

203 2075 262 2190 pon
280 2060 359 2188 potui
376 2059 449 2115 omit
467 2056 580 2115 horroris
599 2074 669 2115 ortus
688 2055 754 2115 Put.
779 2057 932 2130 incertum,
958 2073 1025 2113 num
1051 2052 1154 2112 omisso
1181 2070 1282 2133 sequa·

226 2133 333 2190 isticro.

284 2209 330 2265 15.
369 2225 412 2265 ur
437 2239 470 2251 -
488 2225 536 2265 us.
575 2206 683 2266 Omnes
701 2203 781 2264 lttrtr
801 2213 827 2264 ot
845 2225 937 2265 rmum
956 2204 1017 2265 oola
1035 2225 1075 2276 es,
1095 2213 1216 2282 praeter
1236 2224 1284 2283 tp·

206 2283 291 2343 tumr
316 2302 346 2342 os
364 2301 456 2345 rmum
474 2283 535 2342 solo
554 2290 592 2358 et,
610 2283 701 2344 Goth.
726 2283 822 2340 Gnels.
843 2293 873 2342 et
891 2285 992 2342 Creur
1022 2290 1048 2341 ct
1066 2301 1159 2340 raum
1177 2281 1246 2340 solo

207 2360 274 2435 talu,
298 2361 380 2419 Polit.
398 2360 480 2439 prim.
507 2370 537 2419 et
555 2360 627 2418 duo:
652 2360 742 2418 solum
768 2357 864 2417 tutelo.
911 2361 970 2419 Sed
995 2360 1039 2417 rix
1065 2367 1118 2434 est,
1143 2368 1177 2417 ut

89 2471 94 2480 =
207 2437 429 2496 emendationem
449 2436 565 2512 devites,
583 2437 636 2495 nisi
655 2436 775 2494 hiulcum
794 2436 848 2494 boc
866 2435 1001 2494 distichon
1021 2437 1096 2495 velis.
1135 2435 1219 2503 Quin
1239 2438 1280 2493 int

206 2512 261 2572 hoc
279 2523 308 2572 et
324 2533 443 2593 sequens
461 2513 597 2594 distichon
616 2513 708 2571 adhuc
725 2532 811 2571 nexos
829 2514 984 2576 sententiae
1008 2510 1235 2586 desiderabitur,
1269 2540 1272 2561 ι

206 2600 255 2649 aut
273 2590 359 2648 hanc:
385 2597 417 2648 ot
434 2609 526 2649 temno
544 2591 630 2650 solers
646 2589 734 2648 tutelo
751 2608 875 2648 utrorum
893 2600 959 2665 eto,
979 2599 1028 2646 aut
1047 2590 1148 2663 aliam,
1167 2589 1258 2646 modo
1282 2616 1285 2638 ι

205 2667 405 2736 violentiorem,
433 2667 564 2726 adhibeas
589 2666 736 2726 medelam.
765 2668 852 2744 :Turn
880 2685 946 2723 vero
971 2666 1111 2741 aptissime
1135 2664 1217 2740 quod
1237 2665 1293 2721 dic

206 2750 271 2815 tur,
299 2752 383 2801 certe.
400 2742 549 2817 insuetur,
574 2742 628 2801 hoc
651 2743 722 2801 erit:
748 2746 815 2801 Noo
840 2761 942 2800 cottum
968 2742 1091 2819 aliquam
1113 2741 1240 2816 pluriam
1276 2746 1282 2756 '

206 2816 330 2893 turpior,
360 2836 444 2893 quom
469 2817 592 2890 fortusse
621 2820 712 2896 pudor
736 2826 801 2877 tous
832 2826 1023 2892 aversaretur,
1054 2816 1103 2875 sod
1126 2836 1192 2874 cum
1218 2818 1275 2875 la..

153 2955 155 2960 ,
205 2894 293 2950 multo
319 2897 489 2970 quaesitum,
522 2901 581 2951 tum
611 2896 682 2951 mulli
707 2914 762 2953 noo
792 2902 936 2953 ruotroaoa
967 2895 1102 2953 decoram.
1147 2894 1234 2952 Vens.
1262 2899 1279 2950 l

207 2969 323 3028 Indictis
342 2969 439 3026 Guels.
459 2970 540 3045 prim.
558 2970 642 3028 Polit.
662 2970 753 3027 Palat.
772 2989 828 3028 sec.
847 2982 877 3029 et
895 2982 960 3029 tres.

284 3048 331 3103 19.
370 3061 506 3106 sunaus.
545 3054 659 3122 praesto
677 3044 765 3106 Palat.
785 3050 867 3122 prim.
887 3047 974 3103 Goth.
994 3064 1057 3102 cnm
1082 3045 1192 3121 glossa:
1219 3041 1294 3117 offis

205 3121 278 3180 Mor.
296 3122 481 3180 tumssersm.
501 3125 623 3201 quinque
641 3131 671 3181 et
690 3122 856 3180 ed.Bonon.
894 3124 975 3182 Vers.
996 3141 1056 3199 seq.
1095 3140 1192 3196 oreque
1213 3130 1264 3179 tuo

94 3224 98 3229 ’
179 3216 258 3330 γε
275 3196 356 3270 pidem
374 3195 450 3255 Gall.
468 3201 534 3262 Jun.
561 3200 673 3257 Pirekh.
699 3200 792 3257 Berol.
812 3209 843 3256 et
859 3209 927 3258 tres.
970 3205 1009 3258 Tc
1034 3200 1283 3275 portmauro

227 3278 358 3350 ictumque
376 3292 465 3331 areum
482 3274 561 3336 Busl.
598 3277 680 3335 Vers.
699 3282 747 3335 21.
785 3282 848 3333 stet.
867 3280 957 3335 uirtus
974 3279 1033 3335 sino
1051 3293 1089 3333 cr.
1110 3274 1200 3333 Goth.

107 3381 109 3388 ι
214 3389 218 3394 -
283 3356 331 3405 22.
371 3368 411 3406 nr
433 3369 584 3410 rausum.
622 3354 665 3410 lta
682 3352 744 3410 libri
762 3352 846 3427 longe
864 3354 974 3431 plurimi
992 3349 1292 3428 sensulongeoptirnu

207 3428 349 3483 Huctmus
368 3444 422 3483 noo
441 3431 496 3485 nisi
520 3428 726 3505 reprehensione
753 3434 882 3500 cawisti3
909 3430 960 3487 cfr.
986 3429 1055 3486 hlet.
1077 3433 1125 3499 lt,
1143 3429 1220 3484 425:
1247 3437 1286 3485 ta»

207 3509 322 3576 tumque
341 3500 445 3575 dolebo,
464 3506 531 3561 Noa
549 3510 632 3563 ctiam
649 3513 780 3563 arctoum.
819 3506 888 3563 Seu.
908 3525 954 3583 ep.
973 3508 1028 3562 49:
1058 3507 1272 3563 illitteratam*

207 3594 263 3633 uon
281 3576 456 3652 prodessent!
473 3588 579 3638 rtoooot.
617 3585 654 3640 Et
673 3599 777 3659 semiper
795 3581 920 3659 probitas
938 3581 1029 3641 Palat.
1046 3580 1129 3657 prim.
1146 3581 1230 3638 Seru.
1255 3586 1285 3627 ἰ

206 3650 317 3709 Bemm.
337 3654 420 3714 Creu.
448 3655 521 3713 hlor.
545 3676 597 3734 pro
620 3677 648 3717 v.
674 3677 728 3714 scr.
755 3666 784 3714 et
810 3660 890 3716 alius.
939 3663 977 3717 Et
1001 3665 1082 3715 touta
1107 3657 1186 3734 proh.
1214 3656 1286 3714 Gon

207 3728 304 3786 Guelf.
324 3730 438 3799 (murita
456 3736 633 3806 correctum)
649 3735 731 3811 prim.
755 3733 838 3792 Polit.
866 3734 958 3795 Palat.
986 3751 1042 3792 sec·
1071 3732 1204 3791 Francos.
1231 3733 1286 3803 u.

206 3800 271 3860 Put.
292 3801 370 3863 Gall.
388 3805 462 3868 Mor.
479 3806 590 3867 Ptrcth.
606 3811 672 3866 lun.
691 3808 785 3868 Berol.
804 3813 886 3889 prim.
907 3810 953 3868 ed.
993 3816 1032 3870 Et
1057 3816 1108 3868 too
1133 3828 1206 3868 ituro
1225 3812 1295 3886 pro¹

206 3895 268 3937 exc.
285 3880 368 3937 Voss.
388 3892 416 3938 et
435 3881 502 3942 duo.
542 3890 579 3944 Et
598 3893 694 3943 touton
711 3905 791 3944 nnus.
831 3892 869 3945 Et
887 3887 998 3946 taudem
1016 3897 1082 3945 vett.
1102 3887 1169 3947 edd.

282 3960 331 4013 23.
372 3975 437 4015 nna
455 3989 497 4005 -
514 3978 611 4019 nnuc.
658 3963 736 4018 llaec
770 3964 855 4020 verba
881 3966 920 4021 sic
945 3964 1095 4021 extantia
1124 3961 1204 4021 codd.

208 4030 285 4088 Gall.
309 4032 382 4090 Mor.
413 4037 494 4093 Seru.
519 4039 583 4095 lun.
611 4038 729 4113 Seguer.
756 4038 844 4096 Goth.
871 4041 968 4097 Gurls.
988 4059 1006 4097 a
1024 4058 1068 4116 pr.
1094 4059 1133 4097 m.
1156 4040 1251 4096 Berol.
1284 4077 1295 4085 -

207 4108 336 4168 undecim
355 4109 415 4168 aliis
434 4130 497 4170 curn
516 4123 582 4172 vett.
604 4114 670 4176 cdd.
708 4113 762 4173 stit
780 4116 976 4195 depromptum
995 4128 1038 4175 est
1054 4134 1090 4175 ex
1102 4114 1303 4190 unobledicco,
