2650 4700
993 234 1072 311 aad

27 401 59 481 lo,
80 414 110 465 ut
129 406 262 484 rupilius
289 424 395 483 propre
416 405 489 466 idern
514 411 680 478 sanaverit,
707 411 835 486 pometa
858 416 952 471 tumes
968 412 1073 492 refingit

27 501 92 560 tritos
108 504 249 559 vetustatis
268 499 408 561 horrorem
426 509 453 560 et
472 519 581 561 namuco
608 508 706 560 contra
730 519 833 561 morem
856 514 981 564 veterum
1000 506 1071 568 leni.

27 597 64 652 ltr.
104 597 149 652 llis
172 594 307 653 sensim
331 605 409 652 certe
434 595 525 654 iuerat
548 594 672 664 Ennius,
698 594 734 653 de
758 615 814 672 qno
840 597 939 656 Cicero
970 619 1069 680 sopra,

27 687 157 761 limenius,
175 688 330 763 Pacuvius,
356 688 490 763 Plautus,
516 709 586 768 quos
614 687 714 746 eodem
741 691 853 749 nornine
871 691 1020 754 Diomedes
1037 714 1069 775 p.

28 780 48 838 h.
65 781 156 839 diserte
174 781 358 859 appellandos
377 783 498 841 iudicat:
523 783 572 841 scd
598 782 694 839 iisdem
713 781 753 839 Μ.
775 782 932 844 Varronem
952 789 982 846 in
1000 806 1069 865 poe-

27 869 109 931 llihro
127 883 273 948 accenset,
302 877 443 933 Ciceronis
463 888 493 936 et
521 874 626 952 Virgilii
652 877 814 953 aequalem:
841 879 953 938 minime
981 880 1069 942 falsus

27 965 73 1024 liu'i.
113 968 175 1024 Non
204 968 260 1025 iarn
284 968 429 1041 odoribus,
456 970 505 1026 sed
530 971 726 1028 uetustissimis
751 982 950 1030 annumeratur
967 993 985 1033 a
1003 973 1069 1034 Pri·

28 1062 68 1117 'nno
82 1061 124 1119 lib.
143 1064 173 1135 9,
193 1080 220 1119 c.
240 1064 269 1119 7.
288 1081 316 1139 p.
336 1065 403 1122 455.
424 1064 477 1124 Kr.
496 1062 544 1124 lib.
566 1067 614 1137 10,
634 1082 658 1121 c.
680 1065 709 1120 7.
730 1081 760 1139 p.
780 1066 848 1123 499.
866 1064 920 1125 Kr.
960 1067 1000 1126 Et
1017 1067 1067 1128 lib.

28 1169 53 1208 c.
67 1155 90 1209 6.
112 1173 140 1232 p.
168 1157 216 1214 34.
247 1155 319 1213 lin:
344 1157 441 1214 Multo
467 1164 609 1235 praetereo
635 1157 819 1216 vetustissimi.
845 1188 885 1204 ··-
905 1160 984 1220 Unde
1002 1165 1068 1222 Lu-

27 1247 128 1304 dltr-.
149 1251 227 1320 Quae
245 1255 337 1306 iuncea
356 1270 376 1308 o
392 1251 542 1309 iunioribus
561 1249 709 1326 repudiato
726 1257 793 1309 strui
812 1258 945 1330 looqtrom
963 1256 1068 1316 metim

27 1351 54 1394 rc
67 1339 140 1400 dicte.
176 1342 221 1399 Ex
248 1340 290 1398 his
316 1343 469 1402 iunioribus
488 1342 515 1400 lr.
536 1361 562 1401 e.
580 1346 660 1401 novis
686 1341 760 1402 idem
788 1348 982 1422 grammaticos
1010 1350 1068 1408 Ca·

27 1429 71 1488 dun
93 1453 233 1511 opponere
261 1435 370 1493 videtur
395 1440 590 1495 oetrrstimiruis
614 1438 667 1496 illis
686 1436 705 1494 l.
724 1439 755 1512 9,
775 1457 800 1496 c.
819 1442 848 1498 9.
869 1459 900 1517 p.
918 1442 986 1499 464.
1012 1442 1066 1504 Kr.

27 1527 91 1582 lcum
110 1526 128 1583 Ι.
147 1532 176 1600 7,
196 1547 223 1585 c.
247 1533 292 1586 ll.
313 1548 342 1605 p.
364 1532 430 1587 327.
449 1530 489 1587 Μ.
510 1529 665 1589 Varronem
691 1534 907 1591 uetustissimum
926 1535 1065 1613 appellnt,

27 1615 69 1674 lei
84 1620 198 1697 adiungit
219 1620 347 1680 Publium
369 1622 411 1679 his
434 1624 540 1682 verbis:
567 1624 706 1683 Alucinare
725 1642 843 1702 qnorum
869 1624 936 1683 illud
962 1644 1067 1704 ᾳυοᾳιιο
1181 1647 1206 1691 ’.

27 1709 142 1790 tirtelligo
161 1716 277 1789 dictum,
298 1726 329 1774 ut
348 1714 369 1773 l.
389 1718 417 1774 7.
439 1733 465 1774 c.
485 1720 532 1780 19.
552 1736 581 1795 p.
603 1718 672 1774 354.
691 1715 763 1790 Kn,
793 1718 840 1774 ubi
868 1725 970 1778 colmes
994 1738 1066 1778 eno·

27 1816 125 1881 eruetur,
151 1808 201 1866 cfr.
223 1810 243 1867 l.
263 1813 294 1881 7,
314 1828 338 1865 c.
358 1815 387 1866 2.
410 1825 440 1885 p.
460 1809 547 1883 291„
569 1809 716 1867 Sallustius
735 1818 765 1866 et
783 1810 924 1887 Virgilius,
943 1813 991 1891 qui
1009 1809 1065 1886 lida

27 1894 103 1967 ,videi
118 1900 245 1975 dixerint,
265 1911 295 1959 et
314 1900 436 1974 additur,
462 1902 580 1960 Ouidius
599 1890 713 1979 quodue.
754 1901 867 1963 Scilicet
885 1924 979 1984 neque
997 1907 1065 1966 Ata-

27 2003 69 2045 run
83 1993 114 2050 ad
131 1997 349 2067 deuotissimos,
374 2012 465 2071 neque
491 1994 621 2052 Ovidium
648 1994 684 2051 ad
708 2000 811 2054 ueteres
834 2001 948 2077 proprie
974 2001 1066 2079 perti-

27 2077 74 2141 itrc.
104 2088 140 2146 Et
157 2088 210 2146 hoe
229 2099 412 2167 postremum,
431 2097 461 2145 et
480 2098 554 2146 totus
573 2089 620 2147 ille
637 2089 733 2162 lours,
758 2091 842 2166 quale
859 2093 895 2149 sit
918 2092 1065 2154 discrimen

27 2174 281 2254 &commorationis
301 2191 330 2240 et
350 2200 527 2240 numerorum
547 2182 620 2241 inter
637 2192 736 2260 poetas
755 2202 773 2242 a
792 2184 929 2245 Cicerone
948 2199 978 2246 et
997 2207 1065 2247 vero

27 2263 40 2320 l
57 2278 220 2344 grammaticis
241 2295 329 2336 oooos
348 2275 455 2345 dictos,
480 2285 510 2333 et
540 2283 653 2350 uermes,
673 2277 697 2334 si
716 2276 786 2336 duas
813 2280 936 2357 poetices
958 2292 1065 2341 aetates

27 2359 71 2436 litt,
86 2368 120 2426 sin
139 2390 200 2429 cum
219 2372 362 2430 Prisciano
383 2381 451 2446 tres,
469 2374 691 2446 oeltrstisaimos,
721 2370 778 2430 alio
804 2374 867 2431 loco
894 2375 1065 2435 commodius

28 2463 87 2515 retur.
118 2460 190 2522 Illud
210 2467 307 2539 enim,
331 2466 406 2544 quod
433 2465 470 2523 de
495 2463 653 2522 cantoribus
683 2464 871 2541 Euphorionis
890 2485 908 2525 a
928 2469 1064 2528 Cicerone

28 2544 81 2624 itur,
103 2558 328 2617 considerandum
355 2561 438 2618 venit.
476 2557 535 2625 Qui
561 2558 693 2634 quoniam
720 2559 918 2635 contempsisse
943 2560 1065 2620 Ennium

28 2652 105 2720 narn,
123 2664 284 2729 argumento
303 2653 332 2711 id
352 2670 413 2710 esse
432 2650 544 2708 ridetur
560 2669 616 2708 non
636 2650 760 2708 diversos
780 2668 841 2709 esse
860 2653 896 2710 ab
915 2652 967 2711 illis
985 2656 1066 2714 nouis

28 2730 72 2809 Vir,
85 2759 146 2817 quos
164 2746 192 2803 id
210 2746 311 2806 secisse
340 2757 448 2804 tantum
477 2762 534 2801 noo
561 2745 732 2819 grammatici
759 2743 911 2806 docebant.
926 2737 929 2742 ¹
947 2745 1065 2826 Eupho·

28 2840 77 2887 rnen
99 2837 175 2912 igitur
203 2841 259 2898 alio
285 2858 398 2917 quoque
423 2839 486 2896 loco
512 2836 659 2895 traducere
684 2836 793 2896 ridetur
822 2839 941 2914 Cicero,
966 2837 1002 2897 de
1021 2838 1065 2898 di·

29 2924 41 2972 l·
55 2926 76 2995 2,
90 2928 141 2988 lite
159 2934 209 2993 llle
228 2952 292 2993 oero
310 2937 394 2992 aistis
412 2934 496 2989 elium
515 2929 649 2989 obscuras
666 2928 820 3008 Euphorio.
866 2933 907 2991 Ar
925 2950 982 2992 ooo
1000 2936 1065 2993 llo·

29 3026 76 3079 iit·
110 3026 173 3085 Uter
197 3031 283 3103 igitur
307 3022 424 3085 roclior?
442 3058 480 3069 -
499 3043 555 3101 quo
575 3023 602 3080 in
628 3024 692 3083 loco
718 3034 873 3102 pronomen
897 3024 944 3083 ille
962 3023 998 3082 ad
1016 3026 1065 3083 iu-

29 3102 74 3166 iflm
89 3113 121 3174 de
138 3137 171 3177 eo
196 3131 281 3200 poeta
306 3117 483 3199 splendidum
510 3126 568 3174 turn
595 3116 662 3174 ferri
689 3118 800 3175 solitum
826 3128 954 3195 spectare
979 3117 1065 3176 docet

29 3198 98 3263 «edus.
132 3213 196 3281 Quo
215 3215 258 3290 fit,
279 3225 309 3272 nt
327 3233 398 3292 quos
416 3215 445 3270 in
464 3212 527 3270 loco
547 3211 771 3268 Tusculanarum
791 3221 890 3288 aperte
909 3219 992 3268 notat
1009 3209 1062 3269 Cl-

29 3305 160 3379 &propter
177 3306 337 3380 mollitiem,
363 3307 419 3368 vid.
443 3304 564 3364 Meinek.
591 3303 628 3362 ad
652 3303 781 3382 Euphor.
802 3321 834 3381 p.
855 3303 925 3380 hh,
953 3303 1064 3364 intelle-

30 3384 174 3456 lerideatur
192 3418 251 3474 eos,
264 3400 318 3477 .qui
338 3400 419 3477 primi
444 3396 573 3474 umhopes
594 3407 623 3455 et
648 3397 783 3457 historias
808 3414 905 3454 coecus
929 3394 1065 3473 singulari

30 3473 95 3542 doio
112 3494 272 3555 carminibus
293 3492 495 3572 usurpaverint,
515 3488 612 3568 quales
631 3489 668 3546 ad
688 3486 781 3548 Ovidii
800 3507 896 3547 versos
923 3489 1064 3547 illustran-

30 3564 196 3652 itogooscere
215 3587 381 3665 quaerimus.
421 3583 480 3643 Sed
499 3582 546 3661 qui
567 3591 596 3641 et
614 3578 714 3658 quales
734 3582 847 3641 tandem
866 3582 906 3640 illi
924 3577 1063 3640 fuerunt?

30 3664 128 3750 iidem,
146 3690 195 3738 aut
213 3699 308 3739 eorum
328 3678 442 3753 similes,
462 3695 581 3755 quornm
602 3695 686 3736 unum
705 3675 808 3733 indicat
835 3672 966 3751 Virgilius
985 3675 1063 3732 eclo-

30 3762 86 3819 310·
103 3786 169 3830 vela.
187 3773 236 3848 50,
256 3774 318 3832 51:

31 3848 32 3859 ¹
114 3862 164 3923 Iho
182 3874 207 3924 ot
226 3866 386 3925 Chalcidico
405 3884 476 3942 quoe
494 3870 561 3923 serat
579 3862 647 3921 mihi
666 3859 777 3925 conditu
797 3874 877 3920 versu

31 3938 32 3959 ¹
116 3956 254 4036 curm-iun,
275 3963 398 4037 postoris
416 3957 504 4017 Siculi
522 3956 684 4016 nrodulahor
703 3973 808 4027 overto3
876 3954 879 3963 “
1082 3936 1107 4009 Χ

31 4028 46 4088 il
58 4035 95 4099 hie
111 4048 143 4106 C.
162 4053 310 4111 Cornelios·
325 4053 445 4128 Gallus,
477 4052 525 4129 qni
544 4051 567 4109 si
586 4050 652 4109 inde
672 4050 708 4106 ab
728 4066 804 4105 anno
821 4047 859 4108 U.
879 4050 939 4107 708
958 4044 1067 4125 Cythe-

31 4139 62 4186 ἔω
76 4134 267 4217 Euphorioneis
286 4146 370 4224 elegis
389 4146 532 4204 celebrare
558 4147 662 4224 coepit,
689 4159 763 4221 qnae
787 4139 907 4220 Spolrnir'
930 4141 984 4202 fuit
1000 4158 1067 4205 mt-

608 4260 919 4332 ,23,.
