2650 4700
463 159 465 166 ’
503 239 508 250 ,
573 189 611 251 r.
631 187 963 259 numunianum
1008 153 1014 164 ’
1057 179 1062 186 ’

216 359 280 462 An
305 379 389 484 quia
410 377 607 481 perpetuos
630 376 758 455 meruit
780 375 907 456 domus
930 379 1002 458 ista
1024 377 1252 486 triumphos?
1307 405 1309 490 ζ

271 486 335 563 An
361 486 444 584 quia
467 480 655 558 Leucadio
679 507 823 584 semper
847 488 964 560 amata
987 482 1058 562 deo
1084 488 1167 571 est?

221 591 355 692 Ipsane
379 583 474 685 quod
496 583 592 676 festa
616 590 687 677 est,
716 610 766 661 an
790 586 885 686 quod
909 586 998 663 faoit
1017 592 1135 666 omnia
1158 591 1281 673 festa?

232 745 234 750 -
272 691 387 784 Quam
412 688 534 762 tribuit
557 689 676 781 terris,
700 690 806 789 paois
829 714 877 766 an
899 690 972 764 ista
996 699 1082 768 nota
1107 694 1194 770 est?
1307 709 1309 734 ⁴

169 805 207 868 45
222 791 343 893 thue
366 792 462 866 viret
487 789 629 890 semper
653 789 787 885 laurus,
813 815 883 869 nee
909 790 1040 871 fronde
1066 795 1213 877 oaduea
1237 805 1256 830 ·’
1308 855 1309 860 =

242 911 244 914 ’
273 894 453 999 Carpitur,
478 900 661 968 aeternum
687 896 743 971 sie
768 894 879 971 habet
901 893 964 970 illa
990 895 1133 975 decus?

221 996 369 1077 Caussa
392 998 643 1096 superpositae
669 998 804 1099 scripto
830 1004 966 1074 testata
990 1022 1151 1079 coronae

107 1172 111 1184 ,
232 1111 237 1121 ’
272 1098 454 1179 Servatus
479 1101 583 1174 cives
607 1096 744 1178 indicat
767 1098 872 1177 huius
892 1124 974 1202 ope.

197 1202 357 1280 vAdiioe
382 1202 541 1276 servetis
565 1225 683 1293 unum,
709 1202 822 1278 Pater
846 1207 989 1305 optime,
1013 1203 1143 1296 nivem,

173 1303 211 1364 ⁵⁰
277 1306 347 1397 Qui
372 1302 501 1404 procul
527 1309 693 1378 extremo
719 1304 907 1407 pulsorio
933 1306 1022 1381 orbe
1045 1304 1181 1404 latete,

221 1408 265 1499 In
291 1430 362 1506 quo
387 1428 597 1507 poenarum,
623 1430 714 1505 quas
739 1430 789 1504 se
806 1408 980 1486 meruisse
1005 1406 1150 1500 fatetur,

272 1510 362 1585 Non
385 1509 528 1584 facinus
551 1531 730 1602 caussam,
755 1509 824 1587 sed
847 1536 936 1587 suus
956 1534 1060 1587 error
1082 1509 1206 1592 umet
1293 1541 1309 1598 ·}

212 1612 289 1704 ,Me
310 1614 495 1722 miserum,¹
511 1631 716 1718 vereorque
733 1607 863 1709 iocum,
886 1635 1091 1714 vereorque
1106 1616 1308 1720 potentem

223 1786 274 1844 41.
315 1781 393 1856 Num
410 1807 451 1827 ···
467 1778 568 1840 domus
585 1789 653 1840 una.
687 1865 691 1872 ι
729 1778 779 1839 50.
815 1781 897 1872 iacet.
975 1779 1027 1841 53.
1064 1783 1309 1861 vemrque-ua

245 1887 248 1892 >
414 1887 417 1892 ,
707 1874 867 1937 uerusque.r
1307 1883 1309 1890 v

226 2019 304 2095 fores
324 2014 425 2079 eodem
442 2035 460 2077 a
478 2017 596 2076 librariis
615 2012 750 2094 consilio,
778 2037 835 2096 quo
859 2025 959 2097 postea
976 2015 1014 2076 ab
1032 2014 1206 2094 editoribus,
1229 2001 1309 2078 mut-3

224 2117 289 2156 snm
307 2105 362 2171 est,
382 2115 419 2154 ne
437 2095 473 2153 de
491 2097 632 2153 intellectu
650 2093 836 2153 laborandum
853 2105 937 2153 esset.
1012 2155 1014 2158 .
1103 2101 1106 2105 ‘
1285 2093 1307 2112 ''

165 2201 171 2234 ι
279 2175 353 2246 Ι41.
392 2183 438 2229 an
459 2189 548 2248 pura,
588 2174 666 2228 Num
688 2189 723 2228 ex
741 2172 823 2229 codd.
842 2190 888 2249 pr.
908 2170 1000 2230 Vatie.
1019 2187 1065 2250 pr.
1084 2167 1169 2228 Polit.
1201 2176 1255 2227 see.
1270 2163 1308 2232 Pa

226 2251 278 2308 lat.
296 2251 361 2306 Jun.
390 2246 471 2305 Serv.
491 2257 520 2305 et
538 2266 636 2304 novem
663 2248 722 2305 aliis
748 2267 810 2305 cum
837 2250 928 2325 prima
952 2248 1089 2322 editione,
1112 2248 1215 2324 quibus
1239 2247 1309 2322 103111

229 2323 511 2398 (1331131133333811,
530 2324 667 2402 recepisse
687 2324 793 2385 videtur
803 2326 941 2396 Heinsius,
961 2325 1026 2402 quia
1045 2343 1072 2386 r.
1092 2325 1140 2382 35.
1159 2324 1212 2382 An
1228 2307 1309 2400 profi-5

230 2404 325 2462 risset.
363 2400 506 2459 Palatinus
525 2402 630 2477 primns
650 2420 713 2458 enm
732 2400 837 2478 ingenti
856 2403 1024 2481 reliquorum
1052 2394 1190 2461 numero}
1214 2388 1308 2472 And

146 2486 159 2493 “
229 2488 339 2540 tantum
357 2476 498 2536 Heinsiani
516 2477 636 2536 Putean.
656 2477 733 2535 Gall.
753 2488 782 2536 et
810 2478 885 2553 duo,
913 2480 999 2536 nostri
1023 2477 1212 2535 Beroliuensis
1230 2486 1257 2533 et

229 2556 306 2616 land.
326 2555 481 2612 deceduntt
511 2557 578 2613 Nou
599 2553 769 2616 exhibentes.
806 2550 872 2612 vid.
892 2555 984 2613 Hand.
1011 2555 1099 2614 Turs.
1118 2559 1145 2610 1.
1165 2572 1199 2631 p.
1219 2549 1297 2625 355¹„

231 2637 280 2691 18.
305 2631 364 2689 Cic.
384 2632 413 2688 in
442 2630 523 2711 Vere.
543 2636 573 2705 3,
594 2635 643 2704 80,
664 2635 693 2703 ᾗ.
714 2633 779 2688 186.
805 2628 903 2690 domum
928 2648 985 2690 unu
1003 2629 1155 2688 Burmanni
1183 2626 1307 2731 levitas!

230 2712 351 2785 utroque
369 2706 449 2765 Leid.
469 2708 641 2784 arripuerata
659 2707 734 2765 idem
754 2706 927 2765 Puteaneum
945 2707 1069 2764 nominat
1088 2725 1140 2783 pro
1157 2705 1257 2783 Regio.

249 2803 252 2809 ¹
307 2786 357 2840 42.
396 2799 618 2840 33331313-
636 2800 699 2842 uno
720 2800 787 2841 rsa.
825 2781 914 2842 leodio
931 2783 1024 2841 Palae.
1044 2784 1125 2861 prim.
1165 2790 1210 2840 est
1233 2783 1258 2839 in

231 2877 328 2918 versus
347 2858 502 2916 addidimus
521 2859 626 2917 idoneis
645 2861 803 2917 auctoribus
820 2858 948 2918 Palatino
967 2862 1076 2938 primu,
1101 2859 1250 2918 Guelferb.

233 2946 308 2994 teau.
334 2935 467 2994 Francus.
486 2934 576 2993 Palat.
593 2954 653 3001 seo.
672 2935 780 3012 Regio,
806 2935 887 2995 Busi.
907 2938 972 2995 Jun.
1000 2935 1080 2996 Leid.
1106 2944 1152 3012 pr:
1172 2934 1258 2995 Bern.

232 3013 288 3072 rol.
308 3012 391 3070 Creu.
431 3012 492 3069 rim.
512 3011 558 3071 ed.
578 3020 608 3069 et
626 3013 764 3070 ueteribus
783 3014 884 3073 nostris
913 3010 1049 3071 omnibus*
1090 3013 1171 3073 Vens.
1191 3028 1251 3089 seq.

231 3089 308 3166 {etia
326 3088 423 3150 Geel.
460 3094 501 3146 est
518 3089 617 3146 omittit
634 3087 726 3147 Palat.
745 3089 826 3167 prim.
1238 3130 1242 3139 .

309 3165 358 3224 45.
398 3178 527 3229 numeru
546 3182 686 3225 nunnus.
723 3161 824 3223 inmas
841 3181 947 3241 semper
970 3162 1062 3222 Palat.
1087 3163 1174 3241 prim.
1204 3178 1264 3220 oum

233 3250 305 3323 quot
322 3242 427 3300 Heinsii
445 3250 475 3299 et
499 3242 614 3321 nostris.⁸
648 3242 730 3300 Vers.
755 3260 814 3319 seq.
861 3249 972 3300 oemruo
999 3240 1090 3298 Palat.
1113 3240 1198 3318 prim.
1218 3239 1258 3295 Pu

233 3316 397 3454 maim
411 3318 540 3397 peiores.
577 3317 750 3377 Relandinus
768 3336 786 3375 3
803 3335 850 3398 pr.
874 3336 929 3376 mm
955 3323 1098 3377 nemum
1121 3319 1163 3375 sio
1192 3318 1260 3375 otro

182 3438 186 3448 .
298 3412 342 3453 us.
408 3413 412 3424 “
1053 3452 1055 3457 ,
1167 3434 1173 3445 ,

311 3472 360 3531 47.
401 3482 535 3530 sunrrro
555 3478 718 3529 rrsrars.
756 3466 900 3528 Palatinus
924 3470 1031 3549 primus
1057 3487 1119 3529 cum
1143 3467 1243 3546 viginti

234 3546 288 3605 bus
306 3547 399 3622 libris,
423 3564 493 3625 quos
520 3565 684 3605 enumerare
708 3565 764 3604 non
792 3548 901 3624 attinet,
920 3558 981 3604 tum
1005 3555 1074 3606 vett.
1100 3543 1166 3603 edd.
1194 3565 1213 3604 o

233 3624 338 3700 compto
356 3626 485 3698 43313313,
505 3622 581 3700 quud
599 3623 715 3707 intelligi
734 3623 779 3681 rix
802 3624 869 3680 satis
887 3632 990 3701 potest.
1030 3629 1133 3680 testato
1156 3639 1253 3679 omnes

274 3701 284 3756 i
301 3699 470 3774 habuerunt,
489 3718 608 3777 quorum
624 3700 767 3757 Heinsiani
792 3700 969 3759 nominantur
992 3699 1131 3768 Gallicus,
1157 3695 1253 3757 Palas

259 3776 366 3835 raneos.
385 3777 469 3837 Polit.
488 3784 624 3853 uterque,
643 3774 730 3833 nostri
749 3777 845 3833 Guelf.
865 3775 951 3834 Bern.
972 3776 1055 3835 Cier.
1146 3788 1153 3805 ⁸

309 3852 359 3911 50.
397 3868 517 3911 unrrr.
554 3857 626 3910 ineat
636 3853 764 3910 Heinsius
783 3870 800 3910 e
818 3853 908 3930 primo
926 3850 1067 3926 Politiani,
1088 3846 1191 3925 Mureti
1208 3857 1239 3908 et

232 3945 290 4009 que
308 3926 369 3987 aliis
388 3927 472 3987 oodd.
490 3929 729 4007 recepitsqnibus
754 3929 860 3987 accedit
886 3938 981 4009 nustep
998 3927 1194 3987 Berolinenaia.

232 4005 286 4083 plis
304 4015 413 4085 septem
433 4004 471 4061 ab
495 4000 543 4062 illo
563 4005 688 4063 excitatis
713 4023 799 4064 unum
825 4003 963 4080 detraho,
992 4003 1080 4067 Pout.
1100 4009 1129 4077 l,
1148 4005 1179 4080 8,
1198 4004 1241 4079 8.,

231 4086 347 4161 oppono
368 4082 410 4140 lb.
429 4099 458 4137 r.
477 4084 525 4138 12.
562 4079 647 4141 Vera.
665 4099 725 4161 seq.
763 4083 802 4142 lo
822 4098 877 4157 quau
897 4080 988 4141 Palat.
1008 4082 1092 4159 prim.

306 4158 357 4220 63.
396 4173 588 4237 oratorvm
615 4174 747 4236 uocum,
772 4174 965 4237 vrrruapur
989 4171 1179 4218 nortuum.
