2650 4700
191 153 246 230 u
294 119 296 128 ’
510 193 512 198 .
547 146 589 216 c.
609 141 734 210 otton
749 143 923 212 amomo

143 353 181 413 ao
245 332 549 415 interdicamur
570 336 730 432 cernitur
752 334 870 413 ltalia

193 441 349 518 Desinat
372 442 410 513 in
434 444 569 524 vetitas
593 462 735 539 quaeso
754 436 978 518 contendere
998 445 1131 536 terras,

142 563 172 594 ¹³
241 544 294 622 tit
315 565 459 620 mecum.
474 566 606 642 magno
630 549 757 643 pareat
782 567 870 620 auro
894 541 977 619 dec.
1310 497 1313 612 l

191 644 288 720 Dum
310 644 452 744 loquor,
475 653 514 722 ct
538 648 644 747 cupio
669 646 803 745 pariter
826 648 1005 744 timeoque
1024 643 1173 739 revelli,

242 748 427 848 Increpuit
451 751 592 843 quantis
616 748 755 824 viribus
779 747 877 822 unda
900 745 1016 823 latus!
1040 793 1043 800 -

140 856 177 916 2⁵
193 849 351 943 Parcite,
377 850 547 943 caerulei,
572 874 655 926 vos·
668 849 808 943 saltem,
831 853 975 925 numina
998 850 1110 948 ponti,

238 952 483 1049 Infestumqu'c
506 951 589 1028 milti
611 956 659 1028 sit
684 956 777 1026 satis
800 975 887 1028 esse
911 953 1051 1029 Iovem.

112 1098 117 1113 =
189 1051 274 1131 Vos
299 1054 449 1130 animam
474 1078 612 1132 saevae
636 1055 773 1137 fossam
796 1054 986 1132 subducite
1010 1053 1135 1147 morti3

194 1223 216 1264 3.
241 1155 287 1237 Si
310 1155 429 1256 modo,
455 1158 516 1256 qni
537 1159 653 1261 periit,
678 1179 752 1234 non
775 1158 932 1268 periisse
956 1158 1090 1261 potest.
1312 1157 1313 1240 l

605 1461 654 1521 25.
692 1429 746 1523 uos
764 1460 882 1541 parcite.

190 1592 304 1664 praeter
322 1599 408 1643 onom
422 1605 545 1657 omnes,
570 1582 657 1646 nostri
684 1586 781 1648 Guelf.
807 1587 938 1664 Seguerc·
951 1583 1016 1642 Rel.
1041 1579 1137 1642 Berol.
1163 1575 1308 1667 cml*.⁰t

189 1657 256 1734 edd
276 1671 344 1734 vett.
369 1683 486 1734 omnes:¹
508 1664 640 1738 Illyricis,
669 1665 713 1721 vel
732 1663 859 1736 Illicitis,
888 1661 932 1719 uel
960 1659 1103 1732 leliricit
1120 1685 1161 1700 -·
1177 1650 1313 1743 &lycii-tn

189 1737 306 1812 illyrico
331 1769 371 1784 -
395 1741 490 1799 relicto
516 1761 588 1799 unus
615 1742 739 1816 Heinsii‚
772 1740 851 1817 quoti
875 1739 915 1797 illi
940 1737 1079 1813 placebat.
1124 1727 1305 1790 Conucrebat

212 1824 337 1874 caeterea
345 1836 362 1873 a
389 1816 497 1889 lllyrici
513 1848 553 1861 ·-
570 1817 667 1877 relicti.
715 1818 848 1893 'sanaqm
884 1814 970 1871 Fabri
996 1811 1196 1870 correctionem
1228 1821 1301 1880 epp·

188 1832 651 2047 liniantur
664 1895 824 2026 fetat
839 1899 1025 2026 ”arcte
1041 1908 1060 1946 ³
1078 1906 1110 1945 ⁵⁰
1127 1888 1299 1963 ...m

323 2041 327 2046 .
413 2037 415 2042 .
583 2011 593 2044 a
632 2012 642 2042 r
826 1997 835 2028 ⁴
977 1988 985 2024 ²

192 2105 202 2114 ,
467 2050 521 2104 Dic
538 2046 613 2105 olias
630 2051 730 2105 iterum
749 2049 859 2120 accipet
876 2043 1001 2116 illarius
1046 2057 1050 2066 ’

188 2116 364 2198 ¹Posteriores
383 2120 503 2179 editores
527 2123 588 2180 inre
604 2123 680 2196 illam
705 2122 910 2198 probaverunt,
940 2129 987 2193 et,
1011 2118 1034 2176 si
1063 2113 1198 2174 Stettlero
1225 2107 1300 2168 fides

191 2206 245 2265 est,
264 2197 304 2253 ita
323 2199 436 2257 extabat
453 2198 636 2256 inBeruensi.
674 2198 806 2255 Veterem
824 2195 971 2254 editionem
990 2211 1085 2252 suam:
1103 2197 1172 2252 Inoo
1188 2187 1301 2246 habere

190 2267 349 2349 notaverat,
367 2267 443 2350 quod
462 2294 519 2332 non
536 2269 659 2350 intelligo
678 2265 744 2352 quid
762 2274 807 2330 sit.
846 2280 927 2349 p'ottc
942 2275 1036 2349 petitis
1050 2270 1116 2327 dnn.

268 2355 318 2407 22.
357 2369 398 2407 nr
418 2369 536 2410 mecum
562 2369 681 2408 mucro
707 2367 837 2411 rantur
862 2366 955 2407 anan
975 2367 1050 2406 nuo.
1088 2350 1127 2405 Et
1142 2341 1214 2402 midi
1234 2358 1297 2400 oum

190 2410 387 2504 Palat.¹prim.
407 2428 483 2486 Gall.
504 2438 536 2486 et
550 2429 633 2504 prim.
651 2426 697 2485 ed.
717 2427 814 2484 Heius.
832 2433 931 2502 porcat
948 2424 1000 2484 illo
1018 2442 1079 2483 exo.
1098 2422 1221 2479 Vosne
1240 2435 1297 2476 sec.

193 2520 236 2559 m.
257 2511 286 2559 et
304 2503 386 2561 codd.
405 2523 462 2561 non
487 2505 526 2562 ita
552 2505 648 2577 multi,
675 2502 726 2561 sed
750 2513 823 2579 post·
840 2502 966 2560 Aldinam
993 2499 1144 2558 secundam
1158 2505 1192 2554 et
1209 2495 1299 2555 Bers-

191 2596 342 2655 mannnm,
367 2582 416 2657 qui
434 2581 526 2639 denno
552 2581 581 2638 id
601 2597 667 2638 rece
687 2581 717 2650 it,
746 2578 880 2637 editiones
899 2598 967 2637 occu
1008 2579 1053 2635 iit.
1091 2580 1156 2654 ipso
1172 2572 1296 2630 Putean.

191 2652 326 2712 Francos.
352 2657 417 2714 Jun.
450 2657 527 2716 undo
553 2659 634 2734 prim.
659 2599 751 2714 llatat.
784 2655 887 2713 Monet.
920 2656 997 2712 Gal.
1021 2653 1100 2711 Busl.
1126 2649 1211 2708 Polit.
1239 2666 1295 2709 sec.

191 2729 292 2807 fragm.
313 2732 386 2791 Rev.
406 2732 485 2792 Leid.
504 2735 587 2811 prim.
607 2735 702 2810 uiginti
726 2742 784 2798 tres
801 2732 918 2804 Heinsii,
943 2731 1030 2789 Bern.
1058 2736 1154 2788 noster
1171 2722 1313 2784 Reland.

103 2822 104 2825 ’
192 2816 263 2865 vett.
285 2807 350 2867 edd.
377 2828 483 2867 omnes.
520 2809 600 2868 uado.
613 2809 693 2866 Leid.
712 2827 769 2866 see.
801 2826 875 2866 atrro
899 2808 995 2866 Gnelf.
1019 2806 1110 2865 Palat.
1135 2823 1192 2864 sec.
1212 2803 1313 2879 prim&

193 2881 325 2941 Politian.
346 2902 406 2942 ext.
425 2885 506 2944 Voss.
524 2904 542 2942 a
560 2905 604 2963 pr.
625 2906 663 2941 m.
682 2886 764 2962 prim.
783 2884 875 2942 Vatie.
900 2895 964 2943 octo
989 2885 1053 2959 alii,
1081 2901 1152 2960 quos
1177 2880 1296 2955 castiga·

191 2959 278 3017 tiores
297 2960 364 3018 droit
381 2961 521 3034 Heinsius,
542 2963 629 3042 postri
647 2960 742 3019 Berol.
763 2970 792 3018 et
811 2961 894 3031 Creu.
930 2960 1033 3018 Parum
1053 2962 1148 3017 refert.

268 3042 316 3095 23.
356 3054 449 3095 curro
476 3054 620 3095 rnnrrrn
646 3055 814 3112 rumnopun
840 3055 992 3095 nnvnnu.
1030 3040 1113 3100 timeo
1139 3035 1219 3111 cupio
1239 3051 1313 3109 por

190 3111 311 3189 &totquc
328 3111 418 3172 Palat.
439 3116 521 3191 prim.
542 3113 621 3172 Leid.
644 3125 771 3190 uterque.
802 3116 883 3172 lituae
907 3117 1012 3190 potitor
1037 3115 1168 3189 ettpioth
1193 3108 1313 3173 Guels.

190 3197 222 3246 et
242 3199 309 3247 tres.
341 3189 440 3248 ‚rodit
458 3209 518 3247 exo.
537 3190 619 3247 Voss.
642 3190 789 3247 Barberin.
817 3208 888 3246 unus
913 3190 1038 3247 Patarin.
1058 3190 1141 3245 Crer.
1179 3182 1313 3262 Reliqui]

191 3268 289 3337 omues
312 3285 376 3323 cum
393 3275 461 3324 vett.
481 3265 565 3324 edd:
594 3285 610 3324 t
643 3266 699 3323 olli.
738 3267 770 3324 ln
795 3272 853 3321 tam
877 3264 932 3325 leri
946 3267 1039 3323 unius
1057 3264 1176 3323 lineolae
1195 3261 1294 3318 discri-

189 3343 267 3398 mine
293 3360 397 3419 paucos
421 3344 508 3401 libros
532 3361 595 3400 enm
651 3343 736 3400 einsio
765 3342 915 3418 sequimur.
961 3342 1039 3401 Idem
1065 3340 1217 3398 imitatione
1244 3357 1293 3397 ex·

106 3445 108 3448 ·
189 3417 292 3494 pressit
309 3419 430 3477 Rutilius
448 3420 482 3477 lt.
504 3424 534 3494 1,
555 3422 607 3476 192
1100 3426 1104 3433 ”
1166 3418 1171 3423 ’
1312 3434 1313 3445 ’

193 3558 197 3566 ,
426 3497 468 3553 At
485 3513 547 3553 meo
565 3495 670 3553 ductio
687 3493 804 3568 {oraton
821 3494 960 3552 emollitur
977 3495 1044 3553 orio.
1312 3550 1313 3569 p

192 3638 197 3644 ,
267 3570 317 3626 25.
355 3570 581 3645 rossanum,
611 3588 745 3628 nostran
765 3570 876 3627 ror'rr.
913 3588 964 3630 coe
986 3571 1092 3647 parcite
1115 3569 1232 3628 numina
1258 3586 1292 3627 ex

190 3645 273 3735 prim.
293 3646 376 3705 Polit.
395 3648 477 3724 prim.
501 3648 592 3706 Vatic.
620 3647 711 3705 Palat.
738 3665 794 3704 sec.
820 3666 879 3711 uno,
904 3647 1014 3704 Bonon.
1039 3656 1068 3704 et
1085 3645 1313 3724 Rottendorpltff

189 3724 296 3802 recepit
315 3725 410 3781 Heins.
449 3724 565 3788 Accedit
583 3724 681 3782 Guell.
720 3723 780 3783 Nos
800 3724 954 3800 reliquoss
992 3725 1081 3780 uimur
1099 3732 1212 3800 praeter
1224 3724 1313 3789 Illo-¹

14 3828 18 3844 ι
122 3861 124 3871 .
189 3808 261 3872 ret,
289 3801 352 3876 qui:
385 3801 485 3858 solicats
509 3820 573 3874 uos,
605 3802 718 3871 Berol.‚
743 3796 806 3879 qui':
837 3799 906 3860 milti
941 3742 1052 3875 silton,
1082 3799 1144 3857 cod.
1169 3798 1290 3874 Bersm.‚

11 3892 14 3900 ·
190 3876 257 3953 qui:
282 3895 331 3934 coo
349 3884 459 3934 tuamor
497 3879 572 3954 quod
591 3878 620 3934 in
638 3877 765 3936 Merulae
794 3876 917 3937 editione
941 3887 1026 3936 extat.
1065 3880 1181 3936 uomina
1198 3877 1227 3936 in
1248 3896 1290 3935 ra-

191 3948 258 4009 'aura
277 3948 374 4025 Guelf.
394 3916 543 4013 exlrilrebat
561 3972 578 4012 a
595 3975 619 4014 s.
640 3975 678 4013 m.
1167 3954 1170 3959 ’
1312 3946 1313 3999 Ῑ
