2650 4700
139 187 146 194 “
191 187 270 287 't'es
522 173 942 288 acron-emma
995 163 999 174 ’

190 391 248 531 pom
268 375 452 529 ‹lpmophoni'r
481 371 564 488 quem
582 377 735 460 certantem
762 385 825 459 com
844 399 955 482 phoebo
975 400 1101 482 phoehus
1119 385 1188 464 vicit
1206 413 1238 464 et
1253 403 1288 464 io·
1308 381 1309 434 3

203 489 308 531 eremi.
614 511 617 526 .
954 521 956 526 a

271 547 342 620 [,Sic
361 546 459 630 aliquis
479 558 527 609 tua
546 550 698 614 'membra’
742 552 880 614 Saturnus
906 554 993 614 Coelo
1018 558 1091 636 patri
1111 557 1235 617 abscidit
1249 553 1288 616 ri·

155 631 163 645 ¹
194 622 265 700 rilia,
284 624 358 684 u'nde
377 627 568 688 Callisthenes.

300 751 305 759 .
331 703 468 762 Saturnus
487 706 603 763 credens
623 723 706 763 unum
726 706 837 766 laesisse
855 716 1011 786 parentem,

223 777 227 784 '
254 789 257 798 ¹
301 775 304 784 ’
366 781 440 838 Tres
458 782 538 838 simul
558 783 643 840 iratus
664 777 785 841 laeserat
802 786 847 842 ille
868 797 971 863 patres.

273 915 276 924 ,
326 854 392 915 Non
412 858 524 934 impune
543 867 653 933 tamen3
675 880 737 917 nam
756 867 836 938 parte
855 872 899 919 est
917 862 1006 921 laesus
1025 861 1135 939 eadem,

203 997 229 1006 ,.
262 947 266 954 ·
304 933 311 946 “
364 933 547 1013 Poenamque
565 953 582 993 a
602 945 679 1010 nato,
699 955 784 1014 quarn
803 937 891 1009 dedit,
909 939 970 1016 ipse
988 937 1061 998 tulit.

190 1010 200 1020 “
324 1008 428 1068 Peecat
448 1009 580 1088 uterque}
602 1014 674 1070 male
689 1015 745 1088 ille,
766 1015 912 1087 malchio,
932 1016 1004 1074 male
1021 1026 1121 1096 peccat
1138 1019 1272 1097 uterque,

367 1087 426 1164 Hie,
438 1098 536 1165 peccat
553 1090 642 1167 peius,
661 1092 709 1169 qui
749 1093 804 1149 rius
819 1093 874 1149 ista
893 1093 970 1151 facit.
1074 1095 1077 1102 ’

329 1163 454 1222 Credere
473 1166 516 1221 rix
535 1165 621 1222 ausim
639 1186 701 1224 esse
746 1186 805 1244 eos,
824 1188 869 1226 me
888 1168 977 1245 iudice
997 1187 1097 1247 nempe

188 1251 192 1260 ·
239 1273 245 1280 -
365 1241 441 1299 Tam
460 1242 533 1299 male
551 1243 598 1320 qui
617 1253 724 1322 peccat,
743 1264 796 1303 nec
814 1245 891 1303 Deus
910 1253 953 1303 est
972 1264 1025 1303 nec
1043 1246 1151 1318 homo]

266 1317 436 1397 ‚solertique
460 1319 538 1376 uno.’
583 1319 709 1397 Sisiphns
734 1321 863 1382 Athamas
889 1331 919 1382 et
943 1323 1109 1393 Salmoneus
1133 1324 1221 1381 Aeoli
1244 1321 1285 1395 hh]

69 1363 80 1442 -ι
189 1392 313 1455 suerunt.
349 1394 476 1474 Sislphus
501 1404 594 1452 autem
620 1407 737 1454 matrem
762 1399 859 1474 ulyssis
880 1397 980 1457 'hahuit
1003 1409 1155 1477 antequam
1187 1402 1285 1477 ulysses

64 1909 71 1922 ,
130 1921 133 1930 ,
182 1853 223 1915 tbi
243 1849 382 1935 ‚protinus¹
400 1849 549 1916 Aeolides!

181 1480 378 1550 ¹generaretur.
417 1471 502 1531 Unde
528 1481 557 1529 et
575 1467 657 1531 ‘lilius'
676 1474 770 1552 sisiphi
789 1494 806 1533 a
824 1473 916 1533 multis
943 1475 1079 1533 credituri
1102 1475 1190 1609 puod
1209 1479 1286 1536 obicit

184 1550 214 1607 ei
233 1545 300 1607 Aiax
318 1549 346 1605 in
366 1549 501 1628 principia
520 1547 566 1621 xiij
586 1550 790 1628 Metamorpho.
831 1552 947 1626 ‚Reddit
967 1554 1014 1612 uhi
1031 1553 1101 1611 aeoli
1122 1575 1170 1611 em
1193 1573 1284 1612 saxum

183 1621 187 1630 '
221 1644 273 1683 are
292 1625 414 1703 sisiphon
440 1626 538 1702 urget'.
565 1625 616 1696 ,Et
642 1627 747 1703 ulysses
770 1628 810 1687 ita
832 1625 887 1686 suit
910 1628 947 1687 de
972 1629 1074 1706 genere
1101 1630 1284 1688 Athamantis.

182 1635 286 1782 guara
304 1702 353 1759 Ino
373 1703 444 1759 usur
456 1702 626 1761 Athamantis
638 1699 736 1762 Cadmi
755 1706 811 1774 filia
828 1705 903 1784 facta
921 1705 976 1765 dee
994 1708 1076 1763 maris
1093 1701 1186 1782 ulyssi
1205 1723 1284 1783 saepe

183 1779 322 1840 huccurrit
344 1778 529 1855 naufraganti.
566 1778 604 1839 de
629 1780 796 1842 Athamante
823 1792 853 1842 et
870 1780 962 1843 Inone
987 1782 1086 1841 dicitur
1111 1783 1172 1861 iiijo
1199 1784 1281 1843 utere

183 2001 205 2028 ,Ι
259 1949 325 2025 ‚Vel
343 1935 412 2009 tuit.⁵
449 1950 538 2026 tangit
555 1939 730 2028 hyppolitum
748 1949 836 2012 thesei
852 1951 938 2022 lilium
957 1962 986 2010 et
1002 1948 1152 2029 hippolitcs
1174 1954 1283 2031 reginae

127 2078 129 2081 ,
182 2017 363 2104 ‘pmazonums
391 2044 474 2104 quem
492 2025 599 2104 phedro
617 2027 677 2084 eius
696 2047 814 2100 noverca
838 2029 915 2105 apud
934 2038 1042 2106 patrem
1068 2030 1188 2089 crimim
1206 2032 1282 2089 ednl·

181 2104 243 2186 perij
261 2105 289 2161 in
308 2104 369 2183 ipso
380 2095 544 2166 ¹'transverso
561 2103 709 2180 accusarit.
747 2106 775 2164 T
777 2105 876 2166 heseue
894 2115 988 2163 eutem
1005 2106 1045 2163 illi
1063 2105 1141 2168 dedit
1161 2126 1278 2186 poem

182 2183 303 2260 exilium.
348 2179 480 2257 dumque
496 2179 543 2238 ille
566 2179 643 2238 iuxta
675 2181 752 2242 littus
783 2182 864 2258 aegei
894 2183 977 2240 maris
1002 2182 1056 2248 iter
1079 2192 1196 2244 teneret
1225 2185 1280 2243 risis

181 2245 278 2338 phocis
304 2257 414 2315 marinis
436 2253 537 2313 belluis
560 2256 648 2314 territi
673 2267 739 2315 sunt
762 2259 828 2334 equi
852 2258 911 2317 eius
929 2265 959 2320 et
977 2259 1077 2335 passim
1101 2278 1177 2337 prae
1204 2263 1279 2320 nimio

203 2352 287 2394 auore
313 2341 454 2393 currentes
481 2329 654 2411 hyppolitum
682 2333 911 2395 dilaceraverunt.
958 2336 1023 2409 Vel
1037 2335 1092 2394 hoc
1117 2337 1223 2398 dieitur
1244 2338 1277 2396 de

213 2414 268 2471 etio
292 2412 374 2489 Rege
399 2404 584 2471 Albanorum:
618 2409 667 2487 qui
693 2429 779 2490 saepe
811 2432 874 2471 cum
890 2413 1042 2473 'Romanis
1073 2413 1217 2473 iudicatos
1236 2422 1274 2472 est

180 2488 277 2626 hepptis.
316 2498 415 2566 postea
433 2506 499 2565 eum
524 2497 636 2565 captum
661 2490 740 2567 equis
763 2488 904 2549 indomitis
928 2490 1068 2568 alligatam
1092 2490 1273 2551 Romaniio-

178 2575 191 2626 t
234 2575 357 2635 ecerunt.
431 2576 433 2579 ’
515 2626 517 2635 Α
790 2626 795 2636 ,

259 2659 336 2731 [,Vel
354 2675 428 2736 quae
446 2655 503 2735 qui,
517 2653 646 2716 redimi.'·
674 2655 716 2716 M.
734 2657 846 2715 Attiliue
861 2656 987 2735 Regulus
1010 2657 1159 2717 Ramanrm
1186 2670 1277 2740 captus

178 2735 215 2794 ab
235 2735 308 2792 Afris
332 2736 421 2794 noluit
447 2734 563 2807 redimi3
590 2735 697 2811 putarit
722 2736 795 2793 enim
823 2746 906 2812 turpe
925 2753 1003 2809 esse,
1028 2737 1052 2793 si
1075 2737 1226 2797 Romams
1241 2740 1277 2794 sb

176 2810 259 2955 w
284 2810 475 2873 redimeretur.
517 2810 662 2888 Palpebris
689 2808 815 2871 abscissis
835 2821 969 2871 morosus
994 2821 1055 2887 est,
1088 2815 1171 2892 quod
1196 2815 1279 2892 tangit

256 2888 318 2948 tius.
942 2926 947 2937 ·

175 2983 330 3130 ...th
349 2979 1003 3136 iliiilidliapliilh&hildelini
1019 2974 1280 3119 .¹.'.{'..ll1⁶.,.¹.⁴⁸l{¹{

174 3138 248 3272 peel,
265 3140 349 3214 'quas
367 3144 432 3195 eset
447 3136 476 3193 in
503 3135 635 3215 impluvio
659 3136 770 3195 aedium
795 3150 927 3212 suarum,
950 3134 1113 3194 interiectus
1138 3149 1187 3197 est
1211 3147 1281 3197 rests

201 3214 314 3291 irgilio.]
969 3248 971 3251 v

178 3311 182 3323 .
498 3307 507 3335 ,
703 3306 711 3322 .
835 3306 853 3321 ..
952 3306 960 3321 .
1082 3310 1087 3334 ,
1147 3305 1167 3323 ..

174 3304 505 3443 ...restam
524 3303 1168 3462 ..tiaereneraehhurr
1195 3317 1283 3464 eru

151 3482 153 3489 ’
174 3458 272 3518 tideus
291 3461 469 3537 prometheus
491 3459 582 3539 Iapeti
600 3463 672 3520 lilius
691 3461 739 3536 qui
758 3468 819 3518 erat
837 3460 949 3517 nimium
969 3459 1081 3517 callidus
1101 3463 1211 3521 vocatis
1229 3462 1281 3536 dijs

173 3544 207 3597 et
224 3547 336 3595 ostenso
359 3539 435 3616 quod
460 3538 564 3595 malurn
586 3547 648 3596 erat
675 3536 799 3609 sacrificij
826 3555 936 3594 carnem
963 3538 1142 3614 incorporare
1163 3551 1196 3597 et
1215 3541 1280 3598 mim

172 3614 283 3674 ‘rttsticis
314 3630 456 3674 reservare
488 3614 627 3691 persuasit
655 3615 695 3672 eie
721 3622 752 3670 ut
777 3612 895 3671 mediam
923 3624 1032 3690 partem
1063 3615 1229 3691 acciperent
1253 3626 1283 3675 et

93 3730 97 3734 -
173 3691 257 3748 aliam
283 3689 467 3750 dimitterents
493 3691 569 3768 quod
594 3691 660 3749 satis
684 3689 738 3761 drjs
767 3689 893 3746 omnihus
917 3690 1073 3766 placuitet
1097 3692 1187 3752 etiam
1214 3694 1282 3753 lori.

172 3765 276 3826 Postea
295 3769 474 3844 prometheus
494 3769 624 3826 uractarit
643 3769 741 3824 bovem
760 3766 788 3823 in
814 3766 930 3822 deorum
945 3764 1120 3823 sacrificium
1141 3778 1175 3825 et
1194 3789 1284 3849 sepe-

173 3845 245 3903 ravit
270 3858 381 3902 carnem
407 3847 444 3902 ab
471 3845 586 3902 ossibus.
626 3855 655 3902 et
680 3852 790 3922 partem
816 3846 953 3918 utranque
979 3843 1054 3899 corio
1073 3842 1153 3901 boris
1173 3864 1282 3925 coope-

55 3982 61 3993 ,
174 3914 239 3979 luit.
279 3931 424 3998 et'postea
446 3922 540 3980 lorern
566 3929 596 3978 et
620 3921 688 3978 alios
714 3918 782 3976 deos
808 3918 985 3977 convoca'ritr
1013 3918 1113 3997 quihus
1141 3933 1281 4001 utquam

146 4006 282 4130 ,ἔξω
301 3998 408 4057 vellent
422 3999 556 4076 eligerent
573 3997 707 4081 permisit.
746 3996 853 4073 lup'iter
871 3996 937 4052 iero
956 4013 1061 4052 osseam
1081 4002 1196 4073 partem
1216 4001 1282 4057 tulit

241 4088 372 4132 ensesue
388 4076 530 4134 maiorem.
570 4084 599 4132 et
616 4072 728 4132 sublato
754 4072 831 4129 corio
855 4089 925 4153 prae
950 4072 1033 4128 nimio
1057 4071 1159 4135 delore
1178 4077 1281 4134 obmu-

171 4149 227 4223 luit
244 4156 337 4210 temen
355 4151 440 4241 dixit:
460 4152 534 4223 Quia
552 4150 684 4231 decepisti
701 4158 752 4210 ms¹
766 4146 903 4209 et'oliose
930 4146 1044 4221 falleris.
1082 4148 1180 4228 ignem
1200 4152 1277 4213 unde
1308 4214 1309 4223 ,
