2650 4700
186 215 292 302 ’554

265 405 410 499 Incitat,
429 401 483 484 'ad
508 401 695 507 Phrygios
716 401 807 481 viia
828 401 985 483 membra
1007 401 1146 499 modos,

165 555 182 604 g
214 506 345 608 Deque
364 510 452 585 niro
476 506 544 584 lias
568 530 640 586 nec
665 507 807 602 semina,
830 531 902 584 nec
927 509 996 597 vir,
1018 513 1059 581 ut
1082 506 1217 614 Attys3

199 633 211 650 *¹
265 611 326 687 lilt-
340 613 483 711 quatias
506 611 605 686 molli
628 618 799 711 tympana
822 633 935 686 rauca
959 633 1076 683 manu.
1228 633 1232 644 ·

149 724 205 787 tta
219 712 333 812 Inque
358 737 472 814 pecus
498 714 617 789 subito
645 714 807 811 Magnae
827 719 975 791 vertare
998 713 1172 813 parentis,

267 816 396 892 Victor
420 823 460 890 ut
481 821 541 891 est
562 813 675 892 celeri
697 819 868 915 victaque
893 838 1005 891 versa
1028 810 1135 914 pede.

214 915 379 1018 Solaque
403 915 556 992 Limone
580 941 734 1019 poenam
757 941 805 994 ne
829 919 986 993 senserit
1008 916 1119 1009 illam,

144 1017 158 1062 .-
183 1017 187 1024 ’
264 1020 315 1122 Et
338 1027 402 1095 tua
425 1019 536 1097 dente
557 1018 638 1097 fero
663 1022 811 1098 viscma
832 1027 959 1120 carpat
984 1041 1110 1115 equus.

217 1120 297 1200 Aut
318 1130 359 1196 ut
380 1119 651 1215 Cassandreus,
676 1121 818 1199 domino
843 1145 916 1196 non
940 1117 1056 1196 milior
1077 1117 1154 1208 illo,

148 1224 205 1287 *ω
271 1223 431 1305 Saucius
454 1226 600 1323 ingesta
624 1224 879 1303 contumuleris
903 1224 1019 1299 humo.

152 1327 155 1334 '
214 1322 295 1404 Aut
323 1333 363 1403 ut
386 1326 625 1423 Abantiades,
649 1334 713 1405 aot
735 1335 776 1403 ut
799 1325 992 1430 Cygneius
1016 1323 1139 1414 heros

159 1523 163 1529 “
213 1542 308 1597 nara
328 1554 356 1596 e.
393 1536 523 1597 5551.
642 1537 712 1598 452.
750 1536 873 1598 amna
899 1537 995 1597 ronna
1019 1533 1049 1593 a.
1161 1524 1230 1587 sca
1262 1497 1310 1582 a*

214 1616 260 1676 nir
283 1613 479 1689 5555555155
508 1614 778 1691 CDHbcglwxy
802 1626 832 1674 et
857 1633 917 1674 sex.
961 1611 1047 1671 Atbis
1066 1609 1138 1684 AG,
1157 1605 1213 1666 ulti.

175 1710 177 1715 ’
215 1690 285 1751 tot.
324 1690 370 1750 Ita
395 1693 523 1750 meliores
547 1691 727 1767 acqug
752 1701 783 1749 et
810 1692 876 1749 duo.
922 1688 1047 1767 Reliqui:
1072 1703 1192 1760 5559555
1213 1674 1300 1738 subd&

217 1767 287 1827 457.
324 1767 446 1847 Solaque
468 1772 575 1838 Iasone
598 1770 637 1827 G.
682 1771 798 1827 emnerii
820 1769 909 1825 ubam
932 1786 959 1823 e.
1081 1766 1152 1823 458.
1199 1760 1234 1817 ut
1257 1759 1300 1811 411

218 1841 379 1920 Gardeg.
417 1846 524 1903 555555
542 1850 643 1921 pascat
660 1844 729 1921 Gg.
782 1883 783 1886 =
842 1846 911 1901 459.
951 1845 1011 1899 lloc
1029 1837 1165 1897 distichon
1184 1833 1297 1894 carme

214 1918 383 1980 ABCDkl
408 1922 490 1988 etin
515 1921 641 1999 margine
665 1929 773 1980 tantum
797 1922 930 1998 scriptam
955 1920 1041 1976 babet
1064 1917 1094 1973 d.
1132 1915 1234 1972 Eorum
1248 1915 1299 1997 tm

214 1995 257 2055 illi
273 1998 372 2074 optimi
390 2015 427 2058 ne
444 2016 478 2056 su
499 2013 531 2056 ra
547 1997 665 2075 quiden
680 2006 746 2075 post
764 2015 791 2056 v.
812 2002 879 2058 336.
897 1996 927 2054 id
949 1995 1098 2052 habebant.
1136 1989 1212 2047 Nsuil
1227 1984 1299 2062 ignor

134 2145 140 2152 Ι
213 2072 318 2132 serbus
336 2073 374 2131 de
391 2090 463 2134 eoa
509 2091 586 2132 mare
605 2073 710 2145 ausim,
736 2091 821 2151 qnam
841 2073 878 2131 de
895 2073 943 2131 illo
960 2074 1030 2143 437,
1050 2072 1119 2127 438.
1157 2065 1298 2151 Utrumqffl

212 2163 269 2206 our
281 2149 546 2208 ebaitamelioribus
564 2151 649 2219 libris,
669 2149 759 2208 adhuc
778 2151 887 2209 nesciae
906 2151 929 2206 si
948 2146 1093 2206 toleranda
1110 2151 1175 2201 sunt
1194 2152 1296 2204 amb

214 2239 275 2299 quo
293 2224 356 2282 locu
373 2226 440 2297 sint,
458 2225 596 2302 intelligis.
637 2226 814 2285 Cassandrae
831 2227 1014 2299 Fabiwxy.
1056 2217 1224 2281 carandra
1238 2210 1296 2288 εἷς·

215 2299 395 2362 Cassandrae
412 2301 462 2361 Ec
485 2310 515 2360 et
532 2302 669 2379 superiori
687 2303 749 2360 loco
774 2302 900 2362 Dmdt.
946 2296 1113 2361 Cassandria
1138 2295 1216 2354 alius.
1250 2287 1296 2380 ⁶⁸:

211 2377 353 2437 amrdraae
369 2377 458 2452 G3d
496 2396 527 2437 ro
547 2398 605 2438 var.
624 2398 680 2437 scr.
717 2380 855 2439 Domitius
871 2381 900 2438 in
918 2379 1000 2436 uotis
1044 2371 1200 2433 Cassandri
1214 2367 1310 2443 reltqflr

93 2525 97 2543 „
215 2450 291 2514 libri.
333 2396 569 2515 asaroticis.
614 2454 743 2516 5555554
766 2458 876 2539 reliqui.
920 2453 1066 2532 Superiori
1089 2451 1154 2509 loeo
1176 2447 1226 2506 har
1242 2458 1292 2501 ra·

215 2549 266 2592 aas
283 2550 303 2610 g
320 2531 361 2592 ita
378 2533 572 2610 condpiebat:
1309 2512 1310 2607 5

294 2662 297 2669 .
416 2608 479 2667 Ant
496 2611 567 2669 arar
584 2610 667 2686 periit
683 2627 784 2685 pprcae
804 2606 1016 2668 Caacsaadrare
1033 2605 1080 2664 iila

250 2736 254 2742 .
459 2687 547 2759 0555
562 2704 616 2745 saa
633 2703 702 2761 petas
719 2685 807 2745 marito
825 2685 951 2762 disperiit
968 2687 1066 2753 555555,
1244 2742 1252 2747 ,
1309 2648 1311 2743 5

102 2790 105 2795 ·
215 2770 250 2825 et
266 2762 287 2822 b
304 2761 423 2843 primurn
441 2761 496 2819 ita:
1309 2754 1310 2835 5

417 2840 478 2897 Ant
495 2855 592 2914 pereas
608 2841 691 2915 periit
706 2841 778 2898 ciart
799 2837 985 2899 Cassandriae
1002 2836 1049 2895 illa

455 2915 544 2985 erern
560 2930 614 2972 erra
627 2934 696 2990 perro
711 2920 808 2975 mento
825 2919 921 2974 rncrsit
938 2919 968 2973 in
987 2929 1067 2972 amate
1085 2909 1156 2984 laei3

214 3008 255 3052 ac
272 2988 376 3050 deinde
399 2989 492 3050 denuo
512 2990 621 3065 eodem,
645 3012 703 3068 quo
721 2992 767 3049 bie
792 2992 884 3049 modo.
924 2993 1001 3049 llaec
1026 3007 1139 3067 quoque
1162 2982 1294 3061 smptus

219 3068 405 3146 discrepantia
428 3066 557 3124 iudicium
581 3076 707 3125 noenum
731 3069 847 3145 impedit
864 3079 894 3126 et
912 3068 1068 3124 conturbat.
1107 3064 1217 3122 Scilicet
1237 3074 1294 3115 oau-

219 3154 277 3204 stat
299 3144 458 3221 suppositos
482 3161 576 3201 versus
608 3144 728 3202 dissimili
757 3163 843 3223 saepe
868 3145 960 3202 forma
983 3159 1140 3215 occurrere,
1161 3150 1194 3197 et
1217 3140 1295 3214 potest

218 3223 339 3280 venetas
356 3222 404 3278 illa
421 3220 587 3298 pentametri
613 3231 681 3279 nata
706 3239 767 3285 esse
785 3239 802 3278 e
820 3222 965 3295 motione,
992 3238 1029 3277 ne
1046 3219 1131 3276 iidem
1154 3232 1247 3272 rernm
1260 3227 1295 3267 re·

148 3288 153 3311 '
218 3306 377 3357 curreretur
403 3297 563 3355 hexameter
586 3315 651 3355 vero
676 3298 723 3355 ille
747 3300 921 3375 quantumvis
945 3299 1056 3374 ineptus
1080 3311 1173 3351 reram
1199 3284 1296 3348 unnim

213 3372 339 3432 {ormam
366 3373 424 3430 illic
442 3375 581 3445 serradt,
607 3373 663 3430 boe
686 3376 749 3432 loco
778 3392 867 3451 paene
889 3375 1031 3431 abolitam.
1072 3371 1148 3427 Nam
1173 3366 1297 3437 tisana,

211 3450 273 3509 :ubi
290 3449 327 3507 de
351 3448 406 3506 hoc
429 3449 491 3507 loeo
515 3450 603 3509 fusius
621 3450 690 3525 agit,
715 3449 751 3508 ad
777 3452 860 3511 Pont.
885 3458 916 3523 2,
931 3453 965 3523 9,
982 3452 1030 3507 43.
1049 3448 1211 3506 *nauantem
1231 3440 1297 3497 mm

221 3523 324 3583 codicis
347 3526 512 3602 scripturam
538 3543 556 3582 a
580 3526 659 3582 nobis
683 3528 712 3583 iu
736 3527 823 3584 altero
854 3528 992 3584 inventam
1017 3522 1223 3583 itaillustrarit
1245 3518 1295 3574 aa

210 3600 355 3677 *Polyaeni
367 3603 537 3678 potissimum
546 3601 669 3677 Strateg.
681 3606 711 3675 6,
722 3605 752 3662 7.
765 3615 794 3662 et
803 3603 944 3661 Plutarch.
957 3602 993 3660 de
1006 3619 1031 3659 s.
1042 3619 1117 3658 uum.
1131 3596 1205 3655 vind.
1215 3614 1239 3652 e.
1247 3595 1295 3665 14,

220 3686 256 3736 ut
272 3679 330 3735 sire
350 3697 412 3735 curn
430 3677 591 3754 Salvagnio.
603 3678 731 3737 dominam
754 3680 830 3756 legas
849 3689 878 3738 et
900 3680 980 3737 51555
1000 3680 1054 3755 Hip
1095 3691 1203 3733 merem
1220 3678 1297 3748 putu,

221 3755 281 3813 sive
304 3773 367 3812 cum
391 3755 566 3832 paucioribus
588 3755 665 3813 libris
688 3754 798 3815 5555155
822 3765 852 3814 et
875 3755 1014 3814 dominam
1046 3758 1057 3812 i
1146 3751 1298 3826 Anagrana

220 3831 411 3908 interpreteris
434 3831 585 3890 seeundum
610 3831 781 3906 Polyaenum
800 3834 829 3903 4,
848 3835 879 3908 6,
898 3837 964 3907 18.,
989 3832 1145 3888 intellectas
1166 3831 1235 3884 iusto
1251 3834 1297 3881 aas

221 3908 260 3965 sit
282 3906 448 3985 impeditior.
571 3910 639 3966 460.
678 3911 811 3968 Sannina
837 3928 863 3968 e.
905 3913 1014 3985 inposta
1035 3908 1073 3964 D.
1112 3908 1144 3962 S
1169 3900 1297 3976 5555151

222 3983 320 4074 Fpro
346 4001 374 4041 v.
397 4002 451 4041 scr.
565 3986 634 4042 461.
672 3991 705 4042 at
731 3985 886 4048 alcibiades
902 4005 930 4064 g.
969 3991 1001 4042 nl
1024 3985 1179 4055 dannatus
1202 3976 1298 4037 edita

221 4061 318 4136 scnpti
334 4077 391 4118 non
409 4060 510 4137 exigno
536 4078 664 4121 numero.
705 4064 896 4134 5555555555
917 4081 969 4140 pro
987 4079 1014 4120 r.
1033 4078 1088 4116 scr.
1127 4057 1231 4117 Verum
1255 4052 1296 4122 Cr·

201 4162 203 4167 ·
220 4140 318 4212 neuim
335 4137 361 4196 ll
378 4138 407 4196 iu
427 4147 505 4199 textu
525 4144 645 4198 testante
662 4138 792 4214 Heinsio,
810 4157 877 4199 nam
893 4141 919 4198 1.
940 4139 974 4197 F.
994 4134 1153 4196 Gronovius
1169 4131 1297 4209 &prosint
