2650 4700
142 201 269 259 *XX

173 447 176 457 ,
214 379 274 433 tera
294 366 459 451 interpolata
480 378 523 432 est
549 342 660 434 minime
687 368 815 449 inficeto,
840 368 910 449 sed,
935 368 1018 455 quod
1039 366 1100 432 sole
1131 367 1246 451 clarius⁴
1265 380 1320 447 est,

215 478 348 543 variantis
376 479 533 559 scripturae
554 479 582 538 in
611 486 784 559 pentametro
813 495 919 553 oausa3
949 478 1004 537 boc
1031 497 1162 563 quoque,
1191 476 1320 563 inquam,

215 588 284 648 uou'
303 594 389 646 totam
418 585 494 645 litem
523 585 645 667 dirimat,
695 585 752 646 Sed
782 585 858 669 quod
887 582 929 644 illi
959 605 1014 644 uon
1042 573 1226 645 recentissimi
1254 584 1320 646 libri

214 693 287 757 locis
306 693 335 753 in
363 692 492 774 plurimis
519 690 737 755 intricatioribus
759 688 826 751 nihil
854 689 954 770 anaxilii
984 690 1123 772 afferunt,
1143 690 1187 777 ¹de
1208 712 1269 777 qua
1286 710 1320 756 rc

187 796 195 867 “,
215 799 368 862 iustissime
389 809 550 884 querentem
572 799 731 862 andivimus
751 797 914 878 Halmium,
940 795 1112 885 reliquorum
1142 780 1234 861 aarum
1255 819 1320 862 ma-

213 908 310 969 ximas
331 926 464 967 numerus
485 893 705 983 multominus,
735 906 790 964 dato
816 925 883 966 uero
911 906 976 967 libri
1004 906 1125 988 primum
1153 908 1206 968 boo
1234 927 1320 988 prae-

108 1060 110 1073 .
213 1023 288 1076 stant
308 1014 454 1096 egregium
476 1013 505 1073 in
528 1013 660 1092 modum,
687 1011 785 1072 deinde
809 1012 914 1097 ubique
933 1011 974 1075 ita
995 1034 1014 1075 a
1033 1011 1151 1099 reliquis
1177 1015 1320 1089 secedunt,

213 1136 243 1182 ut
264 1141 373 1207 errores
393 1119 572 1181 librariorum
594 1120 731 1181 interdum
754 1121 886 1198 babeant,
907 1118 1134 1201 interpolationes
1154 1140 1220 1182 vcro
1239 1121 1320 1182 frau-

213 1228 341 1289 dulentas
363 1227 455 1287 nullas
478 1248 608 1313 nsquam,
633 1238 691 1288 tum
712 1227 774 1288 ltali
798 1248 852 1288 non
876 1240 959 1307 suut,
989 1229 1039 1289 sed
1067 1226 1320 1290 vetustissimorum

204 1320 242 1395 in
266 1334 419 1397 Germania
441 1333 684 1407 bibliothecarum,
705 1345 733 1395 et
753 1333 823 1394 alter
844 1335 971 1416 quidem,
1003 1355 1087 1420 qoem
1116 1334 1171 1416 ipsi
1196 1355 1320 1421 usurpa-

206 1441 316 1519 ‘uimua
339 1441 401 1502 eius
423 1438 524 1522 mndi,'
549 1453 580 1503 ut
608 1442 716 1503 senium
745 1439 827 1513 Italis
859 1441 915 1503 illis
942 1424 997 1502 nou
1024 1440 1142 1503 inferius
1167 1443 1320 1523 praeierat,

150 1616 154 1621 ,
211 1548 346 1611 fateberis
367 1570 424 1609 uno
446 1536 511 1612 esse
532 1569 619 1632 posse
638 1551 673 1609 de
695 1547 793 1611 nihilo.
835 1544 942 1607 Eorum
965 1546 1099 1610 librorum
1121 1547 1194 1611 alter
1212 1549 1320 1631 primm

130 1721 134 1730 ,
212 1665 256 1717 cst
277 1653 488 1735 Palatinarum,
515 1650 636 1743 quondm
658 1653 822 1715 collationes
844 1671 863 1714 a
882 1651 909 1714 J.
932 1652 1084 1719 Gebhardo
1105 1668 1133 1717 et
1153 1655 1181 1720 J.
1202 1656 1320 1720 Gmtero

210 1762 355 1828 institutas
383 1746 547 1847 possidebat
575 1762 678 1825 Daniel
707 1762 854 1824 Heinsius.
905 1759 998 1823 Filius
1028 1782 1092 1824 cum
1119 1782 1193 1826 anuo
1223 1762 1319 1844 1641,

212 1884 243 1933 nt
266 1872 374 1954 opinor,
395 1872 462 1934 illas
483 1871 641 1953 inspiceret,
664 1872 727 1947 aine
748 1881 874 1951 tempore
894 1867 1042 1949 exclusus,
1071 1869 1133 1933 sine
1152 1879 1249 1953 eaptus
1271 1872 1318 1934 ln-

209 1988 273 2041 catu
292 1980 417 2042 Palatini
439 1977 554 2040 sectandi
575 1977 730 2059 elegantia,
753 1977 819 2038 buin
847 1973 967 2057 primum
995 1966 1087 2037 locum
1118 1979 1250 2056 attribuit,
1272 1980 1317 2040 al-

211 2086 471 2170 terumgrariseime
491 2086 520 2146 in
542 2106 625 2146 naum
647 2085 768 2147 vocarit.
810 2082 935 2144 Posthac
948 2082 985 2142 ad
998 2103 1101 2145 anunm
1123 2105 1212 2171 usque
1232 2085 1315 2149 1661

210 2213 282 2274 opus
306 2214 360 2255 non
382 2192 481 2254 babuit
501 2192 637 2273 inspeetis
666 2190 727 2253 illis
757 2188 973 2252 collationibus:
1001 2199 1068 2251 tunc
1095 2211 1162 2255 vero
1188 2192 1244 2254 illis
1267 2213 1315 2255 ea-

209 2300 325 2362 rendum
353 2310 425 2363 erut.
467 2297 541 2361 Nam
571 2318 635 2360 aum
662 2306 744 2382 pater
772 2318 847 2361 auno
875 2297 974 2364 1655·
990 2301 1124 2380 obiisset,
1152 2298 1316 2391 scripiornno

209 2405 271 2469 eine
293 2417 434 2489 exparte
456 2406 637 2469 hereditatem
666 2427 739 2469 suno
761 2408 872 2468 demum
895 2393 980 2473 1675
1009 2410 1096 2472 crevit
1123 2406 1214 2487 lilius,
1241 2408 1313 2491 Syll.

207 2534 275 2596 epp.
295 2508 329 2592 4,
352 2536 383 2596 p.
405 2512 483 2579 33⁰.
525 2513 602 2575 Hine
621 2516 802 2578 excusandus
824 2524 868 2577 est
895 2513 1033 2580 Nicolaus
1059 2514 1213 2594 Heinsius,
1241 2517 1314 2601 quod

207 2640 298 2706 neque
315 2619 436 2682 Palatini
456 2618 522 2684 libri
543 2622 743 2701 praestantiam
764 2643 781 2682 e
801 2624 1011 2703 comparatione
1032 2644 1096 2686 enm
1117 2620 1243 2707 reliquis,
1266 2642 1313 2684 ne·

207 2748 264 2813 qne
284 2726 515 2809 interpolatorum
535 2727 662 2789 fraudem
684 2748 700 2789 e
722 2726 777 2790 lide
789 2726 908 2790 Palatini
929 2730 1113 2814 perspexerit.
1157 2729 1239 2807 Quod
1254 2749 1314 2790 cnm

206 2833 273 2897 olim
299 2834 407 2897 iuuenis
435 2813 691 2916 praetermisisset,
720 2855 791 2898 sane
819 2853 872 2895 nec
909 2858 997 2900 senex
1022 2838 1052 2899 in
1082 2835 1156 2899 curis
1181 2835 1315 2930 reonqoin

205 2940 284 3007 feeit.
335 2941 430 3004 Huius
457 2923 521 3002 libri
550 2961 619 3006 auro
651 2951 750 3005 contra
776 2941 895 3008 carioris
923 2965 998 3030 quae
1025 2955 1105 3007 aetas
1131 2943 1231 3023 luerit,
1261 2964 1314 3004 seo

205 3058 329 3115 constat.
373 3050 436 3111 Se'd
457 3069 513 3109 uon
537 3048 643 3126 dubito,
671 3050 740 3135 qnin
763 3052 881 3128 eadem,
908 3063 960 3111 aut
980 3052 1059 3132 prior
1088 3050 1236 3133 Gotlraoo,
1267 3054 1313 3135 qni

205 3157 362 3238 proximum
383 3156 476 3217 locum
498 3175 516 3217 a
537 3154 670 3217 Palatino
698 3156 752 3220 sibi
781 3157 918 3235 uindicat,
945 3179 999 3219 nec
1023 3159 1087 3240 ipsc
1116 3156 1312 3241 interpolatus.

204 3262 257 3327 vir
286 3264 419 3326 Summus
449 3261 612 3324 Fritlenicus
643 3263 793 3325 laoobsius
830 3264 968 3345 scriptum
997 3284 1055 3327 sec.
1083 3263 1153 3326 Xlll
1183 3263 1313 3325 iudicarit

206 3369 292 3433 licitu.
316 3394 345 3452 p.
369 3369 443 3432 251.
486 3370 514 3429 ls
536 3369 608 3430 liber
628 3369 801 3432 Erlnrtanus
823 3370 889 3431 elim
910 3371 971 3449 luit,
993 3370 1122 3452 collegii,
1143 3369 1196 3432 nisi
1218 3365 1312 3445 fallor,

125 3483 129 3488 ’
204 3453 398 3559 Anaploniani,
420 3497 457 3536 ex
478 3498 537 3560 qao
560 3480 700 3561 quaedam
723 3486 856 3557 excerpta
877 3478 1025 3559 proposuit
1051 3475 1267 3557 Zinzerliugius
1287 3476 1312 3536 in

202 3583 367 3646 criticorum
391 3583 551 3645 irnreoilinm
574 3583 756 3666 promulside.
801 3583 866 3644 Hoc
882 3605 946 3645 oum
964 3586 1210 3665 deprehenderem,
1231 3580 1312 3645 exul·

195 3692 259 3754 tani
280 3690 392 3753 Heinsii
415 3711 514 3755 causa.
558 3690 633 3752 Nam
656 3711 719 3750 cnm
741 3700 805 3750 arde
828 3693 882 3751 boc
901 3691 1042 3752 biennium
1073 3683 1135 3753 eum
1163 3691 1259 3770 ipsum
1280 3688 1313 3750 li·

184 3783 282 3861 brum
305 3797 410 3859 Erbrrti
429 3797 537 3860 lrnstru
559 3803 733 3882 quaererem,
757 3798 869 3859 memini
890 3798 1040 3882 Kritzium,
1068 3800 1160 3862 uisum
1181 3796 1311 3859 doetissi-

201 3925 288 3983 mum,
309 3905 448 3986 aruspicari
479 3927 533 3965 non
563 3905 699 3966 redditum
723 3906 759 3966 ab
780 3904 910 3982 Heinsio,
937 3908 974 3967 ad
1004 3926 1086 3991 quem
1115 3903 1241 3967 Graeuio
1269 3904 1310 3964 io·

196 4022 357 4092 tarcessum
379 4012 444 4072 olim
467 4012 574 4078 missus
602 4011 654 4098 lnit
682 4031 746 4071 cusu
781 4008 839 4073 alio
865 4007 1038 4091 Fastomm,
1067 3993 1152 4098 quem
1170 4013 1203 4084 io
1225 4017 1309 4077 'nsum
