2650 4700
224 170 283 246 ω
521 195 525 204 .
590 155 627 216 a.
646 149 787 217 ormn
803 147 977 214 uasoms
1006 157 1028 179 υ

232 345 448 432 Dcr'corn'rte
472 339 643 441 Argolici
665 342 855 442 postquam
880 335 1055 435 coguovit
1073 333 1238 436 mesiae,
1286 357 1299 400 ·ι

282 454 466 531 Narratur
490 444 663 546 Pyladen
688 447 769 545 ipse
793 441 969 543 probasse
995 438 1133 516 Tloas.
1295 419 1299 468 ¹

230 558 339 651 Quae
362 552 430 626 fuit
452 548 654 625 Actoridae
677 569 758 623 cum
782 564 914 642 magno
939 564 1083 641 semper
1105 539 1257 637 Achille,
1297 561 1299 620 l

184 668 222 725 ³0
275 652 450 735 'Laudari
472 651 581 726 solita
606 656 667 725 est
688 647 859 723 Hectoris
884 666 950 721 ore
973 642 1078 720 fides.

237 760 345 854 Quod
368 759 450 857 pius
471 752 520 829 ad
544 773 670 827 manes
695 750 869 825 Theseus
893 769 1017 823 comes
1040 749 1133 822 isset
1156 745 1298 839 amieo·

289 862 504 936 Tartareum
529 856 654 931 dicunt
677 851 878 927 indoluisse
905 848 1019 925 deum.

237 961 394 1063 Euryali
418 959 574 1057 Nisique
599 955 671 1031 lide
693 956 767 1049 issoi,
791 954 930 1044 Turne,
954 952 1072 1028 relata

289 1060 474 1146 Credibile
499 1068 558 1137 est
582 1057 739 1135 lacrimis
763 1055 991 1132 immaduisse
1016 1077 1144 1153 genas·
1254 1133 1257 1140 ,

188 1174 226 1232 35
240 1167 379 1242 *nst
401 1166 507 1242 etiam
531 1163 674 1239 miseris
696 1163 826 1262 pietas,
849 1164 888 1234 et
908 1160 946 1232 iu
970 1156 1076 1233 hoste
1099 1153 1268 1256 probatur.
1297 1169 1299 1238 ξ

288 1270 361 1349 liei
383 1267 477 1365 milri,
502 1282 606 1368 quam
627 1287 767 1369 paucos
791 1261 885 1339 haee
908 1284 990 1337 mea
1013 1258 1110 1336 dicta
1132 1253 1279 1335 movent!

696 1453 899 1474 ffl

240 1584 331 1646 Bero.
353 1586 382 1645 si
405 1584 470 1661 quis
493 1582 601 1642 umooit
626 1580 711 1641 Crer.
737 1581 765 1639 si
789 1578 855 1658 quid
879 1578 1024 1639 udomooit
1047 1577 1139 1640 Palat.
1162 1577 1239 1656 prim.
1261 1589 1299 1636 nrt

190 1661 194 1666 ’
240 1673 300 1721 tres
325 1662 389 1720 libri
411 1660 555 1719 Heinsiani
577 1668 611 1717 st
635 1658 703 1719 edd.
728 1664 799 1716 vett.
830 1666 943 1716 nostrae
972 1673 1079 1715 omnes.
1125 1651 1299 1714 Probabatlo

239 1739 380 1797 Heinsius.
772 1753 774 1756 ·

237 1841 243 1848 ·
320 1818 369 1874 27.
410 1816 566 1873 ausonici
589 1837 633 1855 ·-
655 1823 814 1869 onesi-an.
857 1808 1014 1868 Palatinus'
1028 1808 1135 1887 primus
1160 1817 1190 1868 et
1216 1799 1299 1872 meliori

241 1889 327 1951 codd.
346 1908 448 1967 magno
472 1907 604 1947 numero:
634 1889 740 1947 oreon.
783 1888 908 1946 cauea
926 1905 962 1945 ex
980 1887 1134 1944 Heiusiauis
1160 1884 1268 1944 solusG

236 1983 303 2037 ens,
329 1968 448 2045 Seguer.
473 1984 528 2044 pro
546 1984 572 2023 r.
593 1983 647 2023 scr.
675 1964 740 2023 Rel.
766 1962 833 2022 edd.
859 1973 926 2021 veti.
953 1982 1059 2020 omnes.
1108 1964 1220 2021 cressa
1240 1960 1272 2017 Bc

145 2104 148 2108 .
247 2046 360 2103 Orestes
388 2045 511 2132 quinque
536 2042 633 2098 Heius.
658 2040 777 2116 Seguer.
817 2038 925 2098 Omnes
942 2040 1004 2097 libri
1023 2047 1212 2112 catenesiam
1233 2035 1273 2094 sui

243 2120 488 2253 qqmqmcpresqrz
514 2117 669 2249 iqrpqlimp
687 2116 763 2250 qnqql
784 2127 938 2250 qorchcthm
960 2116 1085 2249 lqebetur
1102 2116 1222 2176 Heinsio.
1252 2111 1272 2172 ll

284 2229 293 2256 .-
359 2211 500 2252 aronae
540 2212 605 2249 aa.
646 2211 707 2249 rnn.
756 2210 877 2251 ooore
926 2210 992 2250 ue.

321 2276 370 2328 31.
408 2287 497 2328 issar
518 2288 552 2326 ex
569 2211 660 2326 Palait.
681 2270 763 2345 prim.
782 2267 863 2324 Leid.
883 2278 1012 2346 unoque,
1036 2268 1100 2326 Rel.
1125 2278 1228 2346 septem
1249 2262 1299 2324 Heio

245 2345 329 2406 sienis
347 2357 377 2405 et
394 2345 516 2405 eiusdem
536 2346 618 2423 prim.
638 2343 684 2402 ed.
716 2348 770 2403 iret
788 2345 886 2423 reliqui
905 2347 967 2404 libri
985 2356 1014 2403 et
1034 2355 1101 2404 vett.
1120 2346 1186 2405 edd.
1215 2347 1256 2404 iob
1269 2340 1298 2399 Pa

245 2425 297 2482 lat.
321 2441 389 2499 sec,
416 2421 490 2480 unde
513 2423 641 2478 Heinsius
669 2420 805 2479 iaciebat:
838 2426 902 2494 irit3
933 2426 1075 2489 comitavit
1097 2442 1170 2482 unus
1194 2420 1298 2481 Medicum

246 2501 393 2559 Barberin.
412 2508 442 2557 et
459 2499 582 2556 Beroliu.
602 2499 731 2575 Heinsius
748 2498 814 2556 inde
833 2499 975 2558 eliciebats
994 2503 1143 2559 coariiurii.
1180 2495 1298 2571 invulgat

246 2577 424 2656 improbabat
439 2576 579 2632 sibilorum
597 2575 793 2653 frequentiam.
849 2570 859 2577 “
912 2594 914 2601 ’
1297 2616 1298 2631 .

325 2658 374 2712 32.
414 2670 620 2711 innotuisse.
667 2669 723 2708 aon
749 2651 869 2710 doluisse
896 2649 1025 2710 Politiani
1057 2661 1191 2729 uterque,
1220 2638 1298 2708 trud

248 2728 355 2789 Heinsii
380 2738 410 2787 et
435 2737 531 2785 noster
555 2727 737 2785 Relandinus.
782 2729 910 2786 Heinsius
941 2728 1092 2787 suadebate
1123 2749 1191 2787 utrm
1214 2724 1272 2785 dolo'

248 2806 398 2864 Franciusz
424 2803 504 2862 obsto
543 2806 605 2860 isse.
644 2803 791 2861 Withofius
817 2807 845 2861 in
864 2814 960 2864 annot.
979 2825 1022 2862 or.
1041 2804 1102 2863 sun.
1127 2730 1298 2930 Summers?

250 2882 338 2940 1752.
357 2901 388 2958 p.
413 2884 468 2938 48:
496 2821 591 2936 (ξείνια
610 2877 684 2936 bunc
707 2879 838 2951 soluisse3
863 2900 919 2938 non
938 2882 1030 2955 male,
1058 2882 1205 2940 Schraderi
1225 2873 1287 2937 iudi·

249 2966 281 3015 at
298 2968 404 3033 nostro,
423 2975 479 3014 non
500 2955 580 3013 bene.
620 2954 791 3014 Offeudebat
816 2958 936 3014 enimin
963 2959 1049 3016 verbo
1075 2958 1236 3029 mdoluisss,
1258 2969 1283 3028 qu

248 3033 359 3109 eodem,
379 3053 435 3111 quo
454 3033 499 3091 liic
517 3032 671 3107 significatu
689 3032 774 3090 babes
793 3038 824 3106 2,
842 3034 910 3097 570.
930 3035 961 3109 5,
980 3036 1011 3109 4,
1031 3038 1079 3092 38.
1118 3036 1198 3094 Vens.
1215 3036 1254 3091 33.

247 3111 316 3172 stoli
332 3114 473 3186 nostrique
490 3108 588 3166 Guelf.
606 3127 624 3166 a
642 3127 699 3166 sec.
718 3128 756 3166 m.
932 3182 934 3185 .
1289 3114 1298 3230 p

326 3191 375 3245 36.
415 3205 473 3245 nsr
494 3201 601 3241 arram
621 3198 692 3242 arc.
716 3184 819 3242 Parum
843 3184 973 3262 praesidii
998 3186 1061 3244 loco
1085 3185 1150 3245 huic
1175 3179 1297 3257 conclama

250 3281 270 3320 a
287 3264 395 3340 seriptis
413 3263 489 3319 libris
508 3270 560 3319 est.
599 3264 691 3337 pictos
714 3263 823 3339 miscis
849 3271 966 3341 uterque
992 3263 1137 3337 P'olitiaui‚
1163 3263 1216 3320 duo
1239 3254 1297 3319 nem

250 3348 282 3397 et
300 3340 417 3415 Seguer.
437 3341 521 3396 etiem
537 3339 568 3394 io
592 3340 703 3394 ciberis
721 3336 812 3396 Palat.
834 3357 892 3396 see.
917 3347 985 3397 vett.
1006 3339 1070 3397 edd.
1091 3349 1165 3398 octo.
1190 3322 1297 3409 ermari

251 3419 375 3492 ωήσφω
401 3413 471 3487 fides
498 3412 658 3471 Richelian.
682 3412 794 3470 l’irckh.
819 3414 865 3472 ed.
890 3413 1060 3483 Bononieus.
1097 3415 1207 3493 Reliqui
1237 3426 1271 3468 on

252 3493 337 3549 mam
353 3493 463 3550 orbais
479 3492 579 3568 pictos.
618 3489 699 3547 vinc.
718 3490 825 3549 Bellov.
851 3491 904 3569 Sp.
923 3491 951 3548 h.
971 3496 1001 3566 7,
1022 3495 1078 3549 119
1097 3492 1166 3550 baec
1191 3489 1263 3548 rerba

210 3599 220 3616 ι
252 3567 319 3625 bei:
337 3571 429 3645 pietus
445 3573 473 3624 et
489 3569 521 3625 io
538 3564 617 3623 bosio
632 3563 775 3642 probobrr.
814 3564 942 3625 Heinsius
960 3569 1090 3626 coniecit:
1129 3573 1192 3627 lato
1212 3566 1279 3622 abab

250 3646 362 3703 naboris
379 3645 469 3721 fidos
485 3641 528 3701 oei
546 3640 582 3701 ob
607 3640 686 3700 boote
711 3641 862 3718 probator,
888 3644 950 3701 rel:
976 3648 1041 3703 Istc
1065 3647 1148 3703 oborn
1171 3645 1260 3700 arbon

251 3720 291 3777 At
308 3724 398 3796 pictos
415 3722 446 3777 iu
463 3721 573 3777 miseris
588 3736 645 3775 non
664 3719 751 3794 magis
765 3717 943 3795 Ouidianum,
962 3724 986 3777 si
1005 3721 1089 3779 modo
1114 3716 1234 3789 latinum,
1253 3731 1268 3791 q

252 3796 357 3871 mador
373 3800 405 3854 ia
428 3798 543 3868 umbb,
571 3794 647 3871 quod
673 3794 845 3853 Sclrraderus
869 3796 989 3854 Emend.
1008 3816 1039 3874 p.
1057 3800 1126 3854 208.
1150 3791 1257 3873 reprobe

249 3875 341 3951 pietas
357 3875 457 3932 abac
475 3872 563 3929 multo
582 3870 665 3931 etiam
683 3871 791 3945 minus3
818 3890 912 3950 neque
939 3873 1106 3931 audiendum
1126 3882 1192 3951 puto
1209 3867 1246 3926 Bu

249 3964 329 4025 num,
347 3951 377 4008 in
395 3967 431 4008 ex
448 3947 505 4006 tine
523 3965 604 4004 versu
619 3947 677 4004 hnc
694 3947 890 4007 retralrentem.
929 3949 1058 4019 Accedit,
1084 3949 1159 4028 quod
1176 3956 1260 4019 nonp

247 4034 357 4085 tantum
375 4024 473 4085 litteris
489 4041 508 4082 a
525 4023 658 4082 librorum
676 4023 733 4082 fide
756 4024 913 4085 emendatio
933 4027 1083 4084 Heinsiana
1106 4024 1217 4085 recedit.
1253 4013 1277 4074 is

246 4113 294 4161 tur
316 4104 398 4193 pubis
421 4098 559 4162 mbendi
584 4100 778 4179 compendium
804 4119 953 4181 perperam
975 4100 1143 4163 intellectum
1166 4113 1244 4160 eausa
