2650 4700
458 195 528 270 'AD
545 204 635 270 llllN.
778 289 784 300 „
1029 217 1110 295 359

16 387 127 477 signione
143 387 229 457 rnod'u
247 403 313 475 post
331 394 408 455 Galli
425 380 543 457 mortem
561 395 753 472 voluntarium,
774 412 830 476 qua
848 396 917 456 obiit
943 414 1018 460 snno
1036 401 1105 466 728.

16 481 99 550 licuit
122 491 157 562 ei,
176 488 252 569 qnod
271 500 301 549 et
318 488 417 551 secisse
434 510 497 550 euni
516 489 651 566 videmus,
677 497 742 548 ante
768 508 832 547 erun
859 508 972 550 annum.
1010 481 1108 561 Potuit'

16 589 90 644 etiarn
107 595 206 663 postes
222 600 322 642 causae
340 583 407 662 quid
425 586 540 659 habere,
567 603 617 642 cur
636 601 709 662 quse
734 582 812 640 nimis
836 583 981 660 splendide
1000 586 1036 647 de
1055 579 1108 651 iflo'

16 689 87 736 intes
101 667 217 755 ‘scripta
253 675 386 753 fuissent,
421 676 588 736 obduceret:
621 696 672 733 cur
704 695 798 736 uersus
824 677 962 754 singulos,
988 682 1036 758 qui
1061 673 1107 742 inl

16 772 102 829 trienii
120 769 239 828 sortasse
262 769 427 828 excidissent
452 770 534 843 oliin,
562 768 686 845 deleret,
714 788 805 849 neque
829 788 929 828 causae
954 767 1108 854 quidquam'

16 875 83 938 erut,
108 881 202 941 neque
226 862 254 919 id
278 863 307 921 in
331 863 429 941 ecloga
453 862 520 921 secit
546 862 663 921 declino.
710 863 742 920 Si
767 881 823 941 qua
847 861 948 921 deinde
972 857 1106 932 scriberet

16 966 67 1033 post
87 973 194 1013 sunum
213 959 288 1030 728,
315 975 372 1014 non
398 975 469 1033 opus
497 965 565 1026 erat,
585 967 617 1013 ut
636 966 710 1015 metu
730 956 846 1032 Augusti
864 956 916 1012 sibi
935 947 1106 1037 temperaret

16 1049 42 1104 ib
59 1048 192 1106 imitando
212 1058 241 1107 et
259 1048 439 1126 exprimendo
459 1048 565 1122 arnico,
593 1047 642 1107 sed
669 1049 773 1107 frustra
792 1049 875 1107 Gallo
901 1052 1104 1126 gratificaturus

16 1139 118 1198 luisset:
145 1158 238 1219 neque
264 1142 337 1201 enlin
357 1142 459 1220 ingenii
485 1142 597 1220 inopia,
623 1142 721 1202 sedin
748 1143 828 1199 amici
853 1159 932 1220 spem
951 1148 1056 1221 gratiae
1074 1148 1104 1214 id

16 1229 98 1293 lacere
123 1246 291 1306 assueverat.
330 1237 389 1294 lam
417 1252 483 1292 sero
510 1253 584 1293 anno
603 1238 661 1294 729
679 1245 793 1313 praeter
811 1233 945 1293 Bucolica
964 1247 993 1296 et
1012 1241 1105 1302 Geor.

16 1328 66 1404 gira
89 1336 221 1405 magnoni
245 1328 381 1387 Aeneidos
409 1328 491 1386 etiarn
516 1337 625 1405 partein
651 1346 716 1387 eum
742 1328 890 1385 absolvisse
918 1346 1031 1391 necesse
1050 1344 1105 1413 est,

16 1421 57 1478 dr.
81 1419 209 1480 Macrob.
236 1427 267 1496 l,
293 1423 362 1498 24.,
388 1421 492 1480 Donat.
514 1425 542 1495 §.
562 1423 610 1478 46.
649 1419 685 1479 In
710 1421 856 1499 postremis
880 1438 946 1478 uero
967 1424 1104 1488 Aeneidos

16 1533 54 1574 sex
72 1515 150 1577 libris
176 1533 282 1588 sersus,
308 1516 392 1593 quie
413 1513 471 1571 Ciri
495 1515 600 1591 sumpti
617 1514 703 1573 uideri
728 1515 845 1591 possint,
871 1513 939 1570 nulli
963 1515 1102 1593 leguntur.

16 1607 78 1665 uam
97 1608 150 1665 nisi
169 1608 289 1666 cavillari
307 1608 383 1676 veiis,
401 1607 510 1664 licuisse
530 1606 614 1665 seriei
633 1604 748 1684 vigilio
767 1608 827 1664 sine
844 1606 1001 1665 imitationis
1021 1597 1104 1691 cupa*

16 1703 88 1759 rerba
107 1699 178 1758 liaeo
198 1719 347 1778 usurpare:
367 1717 473 1757 sisinnio
492 1704 590 1759 ordino
607 1705 720 1773 sinordis,
739 1700 808 1758 solis
823 1731 860 1742 -
873 1701 981 1776 erigere
999 1723 1108 1781 sensim,

16 1796 157 1853 munitio
176 1792 246 1863 belli,
265 1796 381 1852 trinsiunt
400 1792 549 1869 geminare,
569 1794 653 1871 dignu
672 1794 787 1870 indiguo
806 1792 984 1871 coniungere,
1005 1817 1108 1876 quam.

16 1888 45 1945 iis
61 1888 89 1945 in
110 1886 171 1947 Ciri
189 1905 301 1965 quoque
321 1888 388 1944 talia
407 1896 564 1945 occurrant.
604 1887 736 1954 Illicituni
762 1887 846 1963 igitdr
865 1884 932 1944 nihil
959 1898 1063 1966 statuo,
1084 1893 1108 1952 si
1123 1883 1133 1896 ”

16 1998 54 2038 ess
73 1979 215 2037 Aeneidos
232 1979 366 2037 librorum
385 1998 433 2038 sex
451 1989 563 2059 partes,
589 1983 636 2039 ubi
654 1983 752 2040 similia
770 1980 828 2039 Ciri
848 1978 1105 2061 deprehenduntur,

16 2074 131 2153 quamvis
150 2073 195 2131 uel
223 2071 277 2129 illio
302 2089 366 2129 raro
385 2072 414 2130 id
433 2074 491 2143 liat,
516 2075 632 2153 scriptas
652 2094 752 2134 censeo
778 2083 844 2132 unte
862 2075 931 2135 728.
969 2075 1053 2135 Nunc
1070 2077 1106 2137 de

16 2167 173 2245 ingumentis
192 2163 300 2243 Silligii,
319 2165 342 2222 si
361 2162 404 2222 ins
424 2166 462 2223 ita
480 2165 593 2242 dicere,
619 2170 751 2244 internis,
777 2186 850 2246 quae
869 2175 1015 2227 versantur
1034 2173 1108 2228 cirea
1144 2231 1150 2251 Ι

16 2260 130 2339 eclogam
149 2256 265 2318 sertam.
306 2258 348 2318 lbi
372 2260 543 2336 apertissima
562 2272 591 2321 et
609 2262 884 2322 honorificentissima
903 2262 979 2322 Galli
1003 2257 1107 2322 menti'o

16 2368 65 2432 est,
95 2367 126 2414 et
144 2371 239 2412 sersus
257 2354 297 2411 74
315 2385 353 2396 -
372 2357 419 2414 77.
448 2363 477 2410 et
501 2353 628 2414 dimidius
653 2361 702 2414 81.
729 2357 758 2414 in
787 2356 844 2413 Uiri
870 2363 975 2413 extant.
1014 2356 1108 2434 Negat

17 2452 87 2527 gitur
106 2448 228 2525 Silligius
245 2464 276 2524 p.
297 2448 369 2503 146:
397 2446 522 2504 credibile
539 2436 615 2521 osse,
640 2453 716 2507 uiros
741 2447 836 2505 doctos
860 2465 916 2505 ison
941 2446 1109 2508 iritollerisso

16 2534 99 2602 irride
127 2544 168 2600 74
183 2569 224 2584 -·
240 2542 290 2598 77.
314 2539 348 2597 do
375 2539 459 2598 Gallo
485 2541 559 2596 suini
583 2557 640 2596 ituit
665 2543 805 2616 potuisse,
830 2542 896 2616 quin
922 2557 978 2597 oon
1005 2534 1107 2615 Linus',

16 2640 82 2694 orius
99 2634 184 2694 unlus
203 2632 240 2691 od
261 2632 375 2691 Gallum
395 2632 470 2691 dioto
487 2635 584 2689 statim
602 2632 785 2708 praecedant,
810 2631 860 2691 sed
883 2631 970 2691 &nuo
995 2628 1110 2692 Silenus

16 2748 50 2787 ios
67 2735 165 2801 cunm,
183 2718 215 2784 stt
233 2730 259 2784 si
276 2725 471 2785 nonnullorum
490 2729 668 2802 introierunt
692 2730 858 2785 sententiam
881 2730 966 2785 secuti
985 2726 1110 2787 Silenum

16 2828 183 2880 insonantes
213 2818 328 2878 Gallum
353 2817 451 2878 trabere
476 2818 602 2896 uelimus,
633 2818 735 2879 Gallus
762 2823 900 2878 otiantes
926 2824 1019 2879 osirin
1037 2824 1110 2905 eiiij

16 2917 92 2973 trisse
128 2912 271 2993 pntundm
297 2915 353 2987 sit,
380 2931 450 2988 quus
474 2908 538 2971 iride
566 2931 585 2971 α
609 2931 637 2972 v.
666 2919 715 2972 31.
745 2914 857 2974 Silenus
881 2946 921 2962 -
946 2916 1119 2974 initiaverit,

16 3006 109 3066 stione
125 3007 261 3065 maximus
280 3006 327 3065 ille
346 3002 468 3085 ineptiae
487 3008 612 3064 cuinulus
630 3008 716 3083 soret,
737 3009 851 3066 Giilluin
878 3025 989 3064 carmen
1009 3006 1045 3064 do
1064 3025 1110 3064 re·

16 3121 64 3159 uns
91 3110 196 3158 natura
222 3100 370 3175 cecinisse,
398 3101 427 3156 in
455 3118 511 3176 quo
534 3098 669 3176 ordiendo
695 3120 787 3179 paene
811 3119 842 3160 se
868 3100 970 3158 versari
996 3098 1062 3154 dicit
1080 3099 1110 3156 in

16 3193 83 3253 :iiii
104 3195 191 3253 Ratio
209 3193 313 3270 fugisse
333 3180 421 3250 virum
439 3190 640 3269 doctissimum,
659 3194 727 3252 illud
746 3193 841 3252 dicere
859 3189 979 3249 voluisse
991 3184 1108 3262 videtur,

16 3284 160 3346 iSilenus
186 3305 239 3364 pro
262 3287 323 3365 ipso
350 3285 434 3344 Gallo
459 3270 602 3342 habendis
628 3287 680 3358 sit,
707 3289 802 3366 inepte
819 3306 846 3344 v.
866 3289 916 3348 70.
940 3284 1054 3343 Gallum
1073 3282 1111 3344 de

16 3380 88 3437 {allo
114 3397 243 3439 narrum.
288 3381 380 3457 Atque
404 3380 445 3437 ito
472 3386 646 3445 everteretur
671 3379 807 3438 sententia
833 3379 880 3437 illa
904 3375 941 3435 de
965 3377 1109 3455 allegoria,

16 3473 97 3551 [salis
117 3471 196 3549 apud
215 3473 353 3531 GallIcum
373 3472 418 3530 rel
434 3471 534 3529 Italum
553 3480 665 3550 poetam
685 3473 840 3531 necessaria
860 3481 943 3545 esset,
961 3490 1017 3530 non
1036 3469 1113 3550 apud

16 3563 164 3645 igilium.
202 3565 312 3624 Deinde
332 3565 453 3643 Silligius
472 3584 502 3644 p.
524 3564 591 3626 151.
616 3566 714 3632 mirum
734 3584 794 3624 esse
820 3565 951 3638 nlfinnut,
969 3567 1045 3623 uiros
1063 3563 1111 3623 dd.

17 3678 54 3717 ors
74 3657 181 3717 uidisse
202 3659 360 3736 Virgilium,
379 3663 406 3717 si
427 3658 506 3717 Galli
523 3656 637 3734 aliquod
660 3678 758 3736 poema
784 3662 890 3718 imitari
914 3658 1055 3734 solidescit,
1075 3657 1111 3717 ab

16 3754 59 3810 ius
78 3754 247 3812 sanatione
265 3771 321 3812 sors
338 3768 508 3813 securorum
526 3749 626 3824 tunso,
645 3753 737 3827 quisi
755 3752 838 3811 aliter
855 3771 914 3811 rom
931 3740 1134 3826 instituisset,

16 3828 122 3903 dium
139 3847 182 3903 rei
200 3848 293 3905 minus
311 3854 381 3905 recto
403 3844 498 3920 (adue
517 3848 681 3920 argitisssts
703 3847 741 3904 At
760 3864 813 3923 ego
832 3847 917 3903 miror
944 3842 1057 3905 tautnln'
1073 3842 1113 3901 vi·

16 3922 62 3997 uin
90 3956 153 3996 nou
178 3938 296 4016 vidisse,
322 3939 462 4018 quomodo
490 3938 537 3998 ille
562 3939 640 3997 locus
668 3937 781 3997 tandein
805 3938 999 4016 intelligendus
1026 3946 1111 3996 esset.

16 4022 107 4108 leque
127 4031 203 4090 euim
223 4033 280 4091 ullo
298 4034 383 4093 modo
401 4052 420 4091 a
439 4032 524 4092 Gsllo
542 4030 666 4090 discessit
684 4032 823 4108 Virgilius,
843 4041 872 4091 et
891 4032 967 4109 quod
985 4032 1023 4089 de
1041 4049 1112 4087 oon·

16 4127 116 4185 ssione
137 4126 283 4207 utriusque
301 4123 420 4204 Scyllas
439 4136 557 4187 narrent
575 4127 759 4205 interpretes,
786 4123 889 4182 frustra
907 4134 982 4184 sunt.
1019 4124 1115 4183 Dixit:

799 4322 804 4329 ,
822 4246 866 4314 24
