<?xml version="1.0" encoding="UTF-8"?>
<!DOCTYPE html PUBLIC "-//W3C//DTD XHTML 1.0 Transitional//EN"
    "http://www.w3.org/TR/xhtml1/DTD/xhtml1-transitional.dtd">
<html xmlns="http://www.w3.org/1999/xhtml" xml:lang="en" lang="en">
 <head>
  <title>
</title>
<meta http-equiv="Content-Type" content="text/html;charset=utf-8" />
  <meta name='ocr-system' content='tesseract 3.04.00' />
  <meta name='ocr-capabilities' content='ocr_page ocr_carea ocr_par ocr_line ocrx_word'/>
</head>
<body>
  <div class='ocr_page' id='page_1' title='image "./povidiinasonist00merkgoog_0474.png"; bbox 0 0 2650 4700; ppageno 0'>
   <div class='ocr_carea' id='block_1_1' title="bbox 189 194 878 295">
    <p class='ocr_par' dir='ltr' id='par_1_1' title="bbox 189 194 878 295">
     <span class='ocr_line' id='line_1_1' title="bbox 189 194 878 295; baseline -0.01 -22"><span class='ocrx_word' id='word_1_1' title='bbox 189 214 301 295; x_wconf 68' lang='lat'><strong>‘84⁴</strong></span> <span class='ocrx_word' id='word_1_2' title='bbox 391 210 394 217; x_wconf 82' lang='grc'><strong>’</strong></span> <span class='ocrx_word' id='word_1_3' title='bbox 558 224 563 229; x_wconf 86' lang='grc'><em>·</em></span> <span class='ocrx_word' id='word_1_4' title='bbox 675 194 878 272; x_wconf 66' lang='lat' dir='ltr'><strong>Pndhmlo</strong></span> 
     </span>
    </p>
   </div>
   <div class='ocr_carea' id='block_1_2' title="bbox 224 384 1305 1108">
    <p class='ocr_par' dir='ltr' id='par_1_2' title="bbox 224 384 1305 567">
     <span class='ocr_line' id='line_1_2' title="bbox 226 384 1305 533; baseline -0.006 -73"><span class='ocrx_word' id='word_1_5' title='bbox 226 409 257 462; x_wconf 77' lang='lat' dir='ltr'><strong>et</strong></span> <span class='ocrx_word' id='word_1_6' title='bbox 275 399 333 458; x_wconf 87' lang='lat' dir='ltr'><strong>tillo</strong></span> <span class='ocrx_word' id='word_1_7' title='bbox 350 396 497 471; x_wconf 77' lang='lat' dir='ltr'><strong>hlmtsem,</strong></span> <span class='ocrx_word' id='word_1_8' title='bbox 524 396 664 475; x_wconf 85' lang='lat' dir='ltr'><strong>sepultum</strong></span> <span class='ocrx_word' id='word_1_9' title='bbox 678 384 756 453; x_wconf 62' lang='lat' dir='ltr'><strong>&#39;seso</strong></span> <span class='ocrx_word' id='word_1_10' title='bbox 774 393 914 471; x_wconf 80' lang='lat' dir='ltr'><strong>Cyrenas.</strong></span> <span class='ocrx_word' id='word_1_11' title='bbox 941 392 1019 473; x_wconf 82' lang='lat' dir='ltr'><strong>&#39;ipse</strong></span> <span class='ocrx_word' id='word_1_12' title='bbox 1034 388 1216 472; x_wconf 71' lang='lat' dir='ltr'><strong>Callimssld,</strong></span> <span class='ocrx_word' id='word_1_13' title='bbox 1230 391 1305 533; x_wconf 43' lang='lat' dir='ltr'><strong>{ff</strong></span> 
     </span>
     <span class='ocr_line' id='line_1_3' title="bbox 224 480 981 567; baseline -0.007 -13"><span class='ocrx_word' id='word_1_14' title='bbox 224 494 279 555; x_wconf 81' lang='lat' dir='ltr'><strong>stht</strong></span> <span class='ocrx_word' id='word_1_15' title='bbox 296 490 377 566; x_wconf 81' lang='lat' dir='ltr'><strong>iecit,</strong></span> <span class='ocrx_word' id='word_1_16' title='bbox 394 491 491 549; x_wconf 90' lang='lat' dir='ltr'><strong>titulus</strong></span> <span class='ocrx_word' id='word_1_17' title='bbox 508 498 585 550; x_wconf 81' lang='lat' dir='ltr'><strong>extat</strong></span> <span class='ocrx_word' id='word_1_18' title='bbox 602 490 676 548; x_wconf 84' lang='lat' dir='ltr'><strong>inter</strong></span> <span class='ocrx_word' id='word_1_19' title='bbox 693 489 895 567; x_wconf 82' lang='lat' dir='ltr'><strong>epigrammata</strong></span> <span class='ocrx_word' id='word_1_20' title='bbox 914 480 981 548; x_wconf 62' lang='lat' dir='ltr'><strong>sosss</strong></span> 
     </span>
    </p>

    <p class='ocr_par' dir='ltr' id='par_1_3' title="bbox 326 563 1304 660">
     <span class='ocr_line' id='line_1_4' title="bbox 326 563 1304 660; baseline -0.005 -17"><span class='ocrx_word' id='word_1_21' title='bbox 326 577 511 647; x_wconf 71' lang='lat' dir='ltr'><strong>Bassaridum</strong></span> <span class='ocrx_word' id='word_1_22' title='bbox 529 576 614 659; x_wconf 79' lang='lat' dir='ltr'><strong>nupsi</strong></span> <span class='ocrx_word' id='word_1_23' title='bbox 633 582 720 656; x_wconf 75' lang='grc' dir='ltr'><em>σῆμα</em></span> <span class='ocrx_word' id='word_1_24' title='bbox 739 574 841 658; x_wconf 67' lang='lat' dir='ltr'><strong>pipare</strong></span> <span class='ocrx_word' id='word_1_25' title='bbox 860 575 961 649; x_wconf 77' lang='grc' dir='ltr'><em>πόδας</em></span> <span class='ocrx_word' id='word_1_26' title='bbox 979 563 1014 637; x_wconf 65' lang='grc' dir='ltr'><strong>εὖ</strong></span> <span class='ocrx_word' id='word_1_27' title='bbox 1030 572 1089 655; x_wconf 65' lang='grc' dir='ltr'><strong>μὶν</strong></span> <span class='ocrx_word' id='word_1_28' title='bbox 1107 571 1219 660; x_wconf 72' lang='lat' dir='ltr'><strong>do&#39;sdsls</strong></span> <span class='ocrx_word' id='word_1_29' title='bbox 1303 590 1304 623; x_wconf 63' lang='lat' dir='ltr'><strong>l</strong></span> 
     </span>
    </p>

    <p class='ocr_par' dir='ltr' id='par_1_4' title="bbox 365 662 1304 755">
     <span class='ocr_line' id='line_1_5' title="bbox 365 662 1304 755; baseline -0.009 -20"><span class='ocrx_word' id='word_1_30' title='bbox 365 662 509 753; x_wconf 63' lang='lat' dir='ltr'><strong>filicione,</strong></span> <span class='ocrx_word' id='word_1_31' title='bbox 530 671 563 734; x_wconf 77' lang='lat' dir='ltr'><strong>lv</strong></span> <span class='ocrx_word' id='word_1_32' title='bbox 581 667 615 734; x_wconf 76' lang='grc' dir='ltr'><strong>δ’</strong></span> <span class='ocrx_word' id='word_1_33' title='bbox 636 668 711 755; x_wconf 74' lang='grc' dir='ltr'><em>οἴνῳ</em></span> <span class='ocrx_word' id='word_1_34' title='bbox 729 670 835 750; x_wconf 73' lang='lat' dir='ltr'><strong>mepta</strong></span> <span class='ocrx_word' id='word_1_35' title='bbox 853 665 1053 754; x_wconf 71' lang='lat' dir='ltr'><strong>uvyysics&#39;ous,</strong></span> <span class='ocrx_word' id='word_1_36' title='bbox 1290 678 1304 727; x_wconf 84' lang='lat' dir='ltr'><strong>·l</strong></span> 
     </span>
    </p>

    <p class='ocr_par' dir='ltr' id='par_1_5' title="bbox 227 764 1305 854">
     <span class='ocr_line' id='line_1_6' title="bbox 227 764 1305 854; baseline -0.005 -22"><span class='ocrx_word' id='word_1_37' title='bbox 227 771 305 854; x_wconf 86' lang='lat' dir='ltr'><strong>quod</strong></span> <span class='ocrx_word' id='word_1_38' title='bbox 323 770 398 830; x_wconf 90' lang='lat' dir='ltr'><strong>rides</strong></span> <span class='ocrx_word' id='word_1_39' title='bbox 417 769 583 828; x_wconf 83' lang='lat' dir='ltr'><strong>hilaritatem</strong></span> <span class='ocrx_word' id='word_1_40' title='bbox 602 768 684 827; x_wconf 89' lang='lat' dir='ltr'><strong>animi</strong></span> <span class='ocrx_word' id='word_1_41' title='bbox 710 769 822 839; x_wconf 86' lang='lat' dir='ltr'><strong>testari,</strong></span> <span class='ocrx_word' id='word_1_42' title='bbox 842 787 897 828; x_wconf 93' lang='lat' dir='ltr'><strong>non</strong></span> <span class='ocrx_word' id='word_1_43' title='bbox 921 767 1110 826; x_wconf 73' lang='lat' dir='ltr'><strong>morositatem</strong></span> <span class='ocrx_word' id='word_1_44' title='bbox 1128 777 1158 826; x_wconf 85' lang='lat' dir='ltr'><strong>et</strong></span> <span class='ocrx_word' id='word_1_45' title='bbox 1175 764 1305 845; x_wconf 68' lang='lat' dir='ltr'><strong>stramfl</strong></span> 
     </span>
    </p>

    <p class='ocr_par' dir='ltr' id='par_1_6' title="bbox 227 854 1305 931">
     <span class='ocr_line' id='line_1_7' title="bbox 227 854 1305 931; baseline -0.006 -4"><span class='ocrx_word' id='word_1_46' title='bbox 227 865 295 927; x_wconf 89' lang='lat' dir='ltr'><strong>lem.</strong></span> <span class='ocrx_word' id='word_1_47' title='bbox 332 864 441 923; x_wconf 87' lang='lat' dir='ltr'><strong>Licebit</strong></span> <span class='ocrx_word' id='word_1_48' title='bbox 465 873 560 922; x_wconf 86' lang='lat' dir='ltr'><strong>sutem</strong></span> <span class='ocrx_word' id='word_1_49' title='bbox 585 861 667 920; x_wconf 87' lang='lat' dir='ltr'><strong>huius</strong></span> <span class='ocrx_word' id='word_1_50' title='bbox 680 862 847 921; x_wconf 82' lang='lat' dir='ltr'><strong>breviorem</strong></span> <span class='ocrx_word' id='word_1_51' title='bbox 872 880 988 931; x_wconf 56' lang='lat' dir='ltr'><strong>versum,</strong></span> <span class='ocrx_word' id='word_1_52' title='bbox 1007 859 1107 921; x_wconf 84' lang='lat' dir='ltr'><strong>eodem</strong></span> <span class='ocrx_word' id='word_1_53' title='bbox 1134 862 1196 922; x_wconf 86' lang='lat' dir='ltr'><strong>iore</strong></span> <span class='ocrx_word' id='word_1_54' title='bbox 1219 864 1248 921; x_wconf 89' lang='lat' dir='ltr'><strong>in</strong></span> <span class='ocrx_word' id='word_1_55' title='bbox 1263 854 1305 929; x_wconf 62' lang='lat' dir='ltr'><strong>sd</strong></span> 
     </span>
    </p>

    <p class='ocr_par' dir='ltr' id='par_1_7' title="bbox 224 938 1305 1108">
     <span class='ocr_line' id='line_1_8' title="bbox 224 938 1305 1108; baseline -0.007 -87"><span class='ocrx_word' id='word_1_56' title='bbox 224 969 351 1021; x_wconf 82' lang='lat' dir='ltr'><strong>nostram</strong></span> <span class='ocrx_word' id='word_1_57' title='bbox 369 967 531 1033; x_wconf 83' lang='lat' dir='ltr'><strong>convertas,</strong></span> <span class='ocrx_word' id='word_1_58' title='bbox 552 974 635 1035; x_wconf 89' lang='lat' dir='ltr'><strong>quam</strong></span> <span class='ocrx_word' id='word_1_59' title='bbox 654 956 683 1013; x_wconf 90' lang='lat' dir='ltr'><strong>in</strong></span> <span class='ocrx_word' id='word_1_60' title='bbox 701 955 846 1033; x_wconf 73' lang='lat' dir='ltr'>superiori.</span> <span class='ocrx_word' id='word_1_61' title='bbox 886 954 945 1012; x_wconf 86' lang='lat' dir='ltr'><strong>Sed</strong></span> <span class='ocrx_word' id='word_1_62' title='bbox 969 954 1109 1013; x_wconf 88' lang='lat' dir='ltr'><strong>contendo</strong></span> <span class='ocrx_word' id='word_1_63' title='bbox 1127 966 1158 1013; x_wconf 90' lang='lat' dir='ltr'><strong>et</strong></span> <span class='ocrx_word' id='word_1_64' title='bbox 1174 938 1305 1108; x_wconf 56' lang='lat' dir='ltr'><strong>iugem</strong></span> 
     </span>
    </p>
   </div>
   <div class='ocr_carea' id='block_1_3' title="bbox 128 1045 1304 1128">
    <p class='ocr_par' dir='ltr' id='par_1_8' title="bbox 128 1045 1304 1128">
     <span class='ocr_line' id='line_1_9' title="bbox 128 1045 1304 1128; baseline 0.013 -20"><span class='ocrx_word' id='word_1_65' title='bbox 128 1068 133 1077; x_wconf 88' lang='grc'><strong><em>’</em></strong></span> <span class='ocrx_word' id='word_1_66' title='bbox 226 1062 257 1113; x_wconf 85' lang='lat' dir='ltr'><strong>et</strong></span> <span class='ocrx_word' id='word_1_67' title='bbox 274 1050 492 1110; x_wconf 83' lang='lat' dir='ltr'><strong>moderationem</strong></span> <span class='ocrx_word' id='word_1_68' title='bbox 512 1069 546 1110; x_wconf 86' lang='lat' dir='ltr'><strong>ex</strong></span> <span class='ocrx_word' id='word_1_69' title='bbox 566 1051 627 1128; x_wconf 89' lang='lat' dir='ltr'><strong>ipso</strong></span> <span class='ocrx_word' id='word_1_70' title='bbox 652 1047 735 1105; x_wconf 79' lang='lat' dir='ltr'><strong>Ibidis</strong></span> <span class='ocrx_word' id='word_1_71' title='bbox 760 1049 882 1107; x_wconf 76' lang='lat' dir='ltr'><strong>carmine</strong></span> <span class='ocrx_word' id='word_1_72' title='bbox 906 1045 1020 1124; x_wconf 80' lang='lat' dir='ltr'><strong>intelligi</strong></span> <span class='ocrx_word' id='word_1_73' title='bbox 1045 1066 1137 1126; x_wconf 74' lang='lat' dir='ltr'><strong>posse·</strong></span> <span class='ocrx_word' id='word_1_74' title='bbox 1181 1048 1232 1126; x_wconf 70' lang='lat' dir='ltr'><strong>1¹¹ss</strong></span> <span class='ocrx_word' id='word_1_75' title='bbox 1265 1051 1272 1066; x_wconf 74' lang='grc'><em>’</em></span> <span class='ocrx_word' id='word_1_76' title='bbox 1303 1118 1304 1123; x_wconf 73' lang='grc'>,</span> 
     </span>
    </p>
   </div>
   <div class='ocr_carea' id='block_1_4' title="bbox 219 1139 1305 2804">
    <p class='ocr_par' dir='ltr' id='par_1_9' title="bbox 219 1139 1305 2804">
     <span class='ocr_line' id='line_1_10' title="bbox 225 1139 1305 1221; baseline -0.004 -18"><span class='ocrx_word' id='word_1_77' title='bbox 225 1154 303 1203; x_wconf 83' lang='lat' dir='ltr'><strong>certe</strong></span> <span class='ocrx_word' id='word_1_78' title='bbox 320 1161 353 1202; x_wconf 90' lang='lat' dir='ltr'><strong>se</strong></span> <span class='ocrx_word' id='word_1_79' title='bbox 370 1142 445 1200; x_wconf 90' lang='lat' dir='ltr'><strong>ultus</strong></span> <span class='ocrx_word' id='word_1_80' title='bbox 464 1153 517 1217; x_wconf 85' lang='lat' dir='ltr'><strong>est,</strong></span> <span class='ocrx_word' id='word_1_81' title='bbox 537 1162 600 1201; x_wconf 90' lang='lat' dir='ltr'><strong>cum</strong></span> <span class='ocrx_word' id='word_1_82' title='bbox 620 1158 694 1218; x_wconf 88' lang='lat' dir='ltr'><strong>quae</strong></span> <span class='ocrx_word' id='word_1_83' title='bbox 713 1139 886 1199; x_wconf 78' lang='lat' dir='ltr'><strong>adversarius</strong></span> <span class='ocrx_word' id='word_1_84' title='bbox 905 1141 932 1198; x_wconf 90' lang='lat' dir='ltr'><strong>in</strong></span> <span class='ocrx_word' id='word_1_85' title='bbox 953 1142 1013 1219; x_wconf 90' lang='lat' dir='ltr'><strong>ipso</strong></span> <span class='ocrx_word' id='word_1_86' title='bbox 1038 1143 1197 1221; x_wconf 69' lang='lat' dir='ltr'><strong>carpsisset,</strong></span> <span class='ocrx_word' id='word_1_87' title='bbox 1215 1143 1242 1199; x_wconf 89' lang='lat' dir='ltr'><strong>iu</strong></span> <span class='ocrx_word' id='word_1_88' title='bbox 1259 1146 1305 1199; x_wconf 54' lang='lat' dir='ltr'><strong>ml</strong></span> 
     </span>
     <span class='ocr_line' id='line_1_11' title="bbox 225 1234 1305 1315; baseline -0.006 -18"><span class='ocrx_word' id='word_1_89' title='bbox 225 1238 304 1297; x_wconf 85' lang='lat' dir='ltr'><strong>mine</strong></span> <span class='ocrx_word' id='word_1_90' title='bbox 322 1254 374 1294; x_wconf 89' lang='lat' dir='ltr'><strong>suo</strong></span> <span class='ocrx_word' id='word_1_91' title='bbox 392 1238 541 1315; x_wconf 89' lang='lat' dir='ltr'><strong>conspicua</strong></span> <span class='ocrx_word' id='word_1_92' title='bbox 560 1253 644 1313; x_wconf 90' lang='lat' dir='ltr'><strong>quam</strong></span> <span class='ocrx_word' id='word_1_93' title='bbox 662 1235 781 1294; x_wconf 83' lang='lat' dir='ltr'><strong>maxime</strong></span> <span class='ocrx_word' id='word_1_94' title='bbox 805 1234 887 1293; x_wconf 80' lang='lat' dir='ltr'><strong>iecit:</strong></span> <span class='ocrx_word' id='word_1_95' title='bbox 910 1234 1068 1294; x_wconf 80' lang='lat' dir='ltr'><strong>fabulamm</strong></span> <span class='ocrx_word' id='word_1_96' title='bbox 1092 1235 1202 1312; x_wconf 87' lang='lat' dir='ltr'><strong>copiam</strong></span> <span class='ocrx_word' id='word_1_97' title='bbox 1220 1235 1305 1291; x_wconf 78' lang='lat' dir='ltr'><strong>uberri-</strong></span> 
     </span>
     <span class='ocr_line' id='line_1_12' title="bbox 226 1325 1305 1407; baseline -0.006 -17"><span class='ocrx_word' id='word_1_98' title='bbox 226 1348 301 1390; x_wconf 86' lang='lat' dir='ltr'><strong>mam</strong></span> <span class='ocrx_word' id='word_1_99' title='bbox 314 1339 343 1388; x_wconf 84' lang='lat' dir='ltr'><strong>et</strong></span> <span class='ocrx_word' id='word_1_100' title='bbox 356 1331 467 1387; x_wconf 87' lang='lat' dir='ltr'><strong>minime</strong></span> <span class='ocrx_word' id='word_1_101' title='bbox 486 1330 613 1402; x_wconf 84' lang='lat' dir='ltr'><strong>otiosam,</strong></span> <span class='ocrx_word' id='word_1_102' title='bbox 631 1326 684 1386; x_wconf 90' lang='lat' dir='ltr'><strong>sed</strong></span> <span class='ocrx_word' id='word_1_103' title='bbox 703 1328 732 1385; x_wconf 90' lang='lat' dir='ltr'><strong>io</strong></span> <span class='ocrx_word' id='word_1_104' title='bbox 748 1336 856 1386; x_wconf 87' lang='lat' dir='ltr'><strong>certum</strong></span> <span class='ocrx_word' id='word_1_105' title='bbox 874 1329 959 1388; x_wconf 80' lang='lat' dir='ltr'><strong>finem</strong></span> <span class='ocrx_word' id='word_1_106' title='bbox 976 1328 1185 1387; x_wconf 83' lang='lat' dir='ltr'><strong>collineautsms</strong></span> <span class='ocrx_word' id='word_1_107' title='bbox 1204 1325 1305 1407; x_wconf 70' lang='lat' dir='ltr'><strong>nisscorh¹</strong></span> 
     </span>
     <span class='ocr_line' id='line_1_13' title="bbox 226 1413 1305 1501; baseline -0.004 -19"><span class='ocrx_word' id='word_1_108' title='bbox 226 1433 315 1483; x_wconf 87' lang='lat' dir='ltr'><strong>tatem</strong></span> <span class='ocrx_word' id='word_1_109' title='bbox 334 1413 493 1499; x_wconf 80' lang='lat' dir='ltr'><strong>verborum,</strong></span> <span class='ocrx_word' id='word_1_110' title='bbox 513 1432 544 1481; x_wconf 91' lang='lat' dir='ltr'><strong>ot</strong></span> <span class='ocrx_word' id='word_1_111' title='bbox 564 1431 652 1500; x_wconf 89' lang='lat' dir='ltr'><strong>puto,</strong></span> <span class='ocrx_word' id='word_1_112' title='bbox 682 1421 839 1480; x_wconf 84' lang='lat' dir='ltr'><strong>adversario</strong></span> <span class='ocrx_word' id='word_1_113' title='bbox 866 1422 953 1501; x_wconf 85' lang='lat' dir='ltr'><strong>magis</strong></span> <span class='ocrx_word' id='word_1_114' title='bbox 978 1440 1064 1500; x_wconf 89' lang='lat' dir='ltr'><strong>quam</strong></span> <span class='ocrx_word' id='word_1_115' title='bbox 1089 1420 1189 1496; x_wconf 76' lang='lat' dir='ltr'><strong>vellet,</strong></span> <span class='ocrx_word' id='word_1_116' title='bbox 1216 1418 1305 1498; x_wconf 55' lang='lat' dir='ltr'><strong>perspi-¹</strong></span> 
     </span>
     <span class='ocr_line' id='line_1_14' title="bbox 225 1513 1305 1595; baseline -0.002 -20"><span class='ocrx_word' id='word_1_117' title='bbox 225 1526 327 1576; x_wconf 72' lang='lat' dir='ltr'><strong>suamc</strong></span> <span class='ocrx_word' id='word_1_118' title='bbox 346 1516 467 1595; x_wconf 86' lang='lat' dir='ltr'><strong>denique</strong></span> <span class='ocrx_word' id='word_1_119' title='bbox 485 1518 660 1594; x_wconf 81' lang='lat' dir='ltr'><strong>exiguitatem</strong></span> <span class='ocrx_word' id='word_1_120' title='bbox 680 1515 752 1591; x_wconf 85' lang='lat' dir='ltr'><strong>libri,</strong></span> <span class='ocrx_word' id='word_1_121' title='bbox 777 1514 861 1574; x_wconf 77' lang='lat' dir='ltr'><strong>Ouid.</strong></span> <span class='ocrx_word' id='word_1_122' title='bbox 881 1517 923 1573; x_wconf 89' lang='lat' dir='ltr'><strong>lb.</strong></span> <span class='ocrx_word' id='word_1_123' title='bbox 944 1535 970 1574; x_wconf 86' lang='lat' dir='ltr'><strong>s.</strong></span> <span class='ocrx_word' id='word_1_124' title='bbox 988 1516 1068 1589; x_wconf 69' lang='lat'><strong>447„</strong></span> <span class='ocrx_word' id='word_1_125' title='bbox 1087 1532 1171 1592; x_wconf 87' lang='lat' dir='ltr'><strong>qoem</strong></span> <span class='ocrx_word' id='word_1_126' title='bbox 1193 1513 1243 1571; x_wconf 84' lang='lat' dir='ltr'><strong>iste</strong></span> <span class='ocrx_word' id='word_1_127' title='bbox 1258 1513 1305 1573; x_wconf 59' lang='lat' dir='ltr'><strong>los⁴</strong></span> 
     </span>
     <span class='ocr_line' id='line_1_15' title="bbox 225 1605 1305 1688; baseline -0.005 -21"><span class='ocrx_word' id='word_1_128' title='bbox 225 1611 330 1688; x_wconf 80' lang='lat' dir='ltr'><strong>gionem</strong></span> <span class='ocrx_word' id='word_1_129' title='bbox 351 1629 408 1668; x_wconf 87' lang='lat' dir='ltr'><strong>oon</strong></span> <span class='ocrx_word' id='word_1_130' title='bbox 434 1620 559 1688; x_wconf 85' lang='lat' dir='ltr'><strong>cuperet.</strong></span> <span class='ocrx_word' id='word_1_131' title='bbox 599 1609 677 1667; x_wconf 86' lang='lat' dir='ltr'><strong>Haec</strong></span> <span class='ocrx_word' id='word_1_132' title='bbox 702 1609 764 1686; x_wconf 87' lang='lat' dir='ltr'><strong>ipsa</strong></span> <span class='ocrx_word' id='word_1_133' title='bbox 790 1609 927 1667; x_wconf 86' lang='lat' dir='ltr'><strong>iocantem</strong></span> <span class='ocrx_word' id='word_1_134' title='bbox 950 1618 1063 1688; x_wconf 85' lang='lat' dir='ltr'><strong>poetam</strong></span> <span class='ocrx_word' id='word_1_135' title='bbox 1089 1605 1244 1676; x_wconf 87' lang='lat' dir='ltr'><strong>ostendunt,</strong></span> <span class='ocrx_word' id='word_1_136' title='bbox 1257 1606 1305 1663; x_wconf 78' lang='lat' dir='ltr'><strong>ios-⁴</strong></span> 
     </span>
     <span class='ocr_line' id='line_1_16' title="bbox 224 1698 1305 1778; baseline -0.006 -16"><span class='ocrx_word' id='word_1_137' title='bbox 224 1712 300 1763; x_wconf 83' lang='lat' dir='ltr'><strong>tasse</strong></span> <span class='ocrx_word' id='word_1_138' title='bbox 316 1703 489 1778; x_wconf 86' lang='lat' dir='ltr'><strong>illudentem,</strong></span> <span class='ocrx_word' id='word_1_139' title='bbox 508 1701 544 1761; x_wconf 83' lang='lat' dir='ltr'><strong>ad</strong></span> <span class='ocrx_word' id='word_1_140' title='bbox 569 1720 708 1761; x_wconf 88' lang='lat' dir='ltr'><strong>summum</strong></span> <span class='ocrx_word' id='word_1_141' title='bbox 734 1702 933 1760; x_wconf 84' lang='lat' dir='ltr'><strong>iactantiosem.</strong></span> <span class='ocrx_word' id='word_1_142' title='bbox 972 1702 1065 1760; x_wconf 82' lang='lat' dir='ltr'><strong>Lubet</strong></span> <span class='ocrx_word' id='word_1_143' title='bbox 1091 1701 1260 1758; x_wconf 86' lang='lat' dir='ltr'><strong>coniecturas</strong></span> <span class='ocrx_word' id='word_1_144' title='bbox 1273 1698 1305 1755; x_wconf 74' lang='lat' dir='ltr'><strong>ts</strong></span> 
     </span>
     <span class='ocr_line' id='line_1_17' title="bbox 223 1792 1305 1875; baseline -0.004 -20"><span class='ocrx_word' id='word_1_145' title='bbox 223 1795 350 1875; x_wconf 83' lang='lat' dir='ltr'><strong>dulgere.</strong></span> <span class='ocrx_word' id='word_1_146' title='bbox 388 1797 455 1855; x_wconf 91' lang='lat' dir='ltr'><strong>Non</strong></span> <span class='ocrx_word' id='word_1_147' title='bbox 474 1795 581 1868; x_wconf 87' lang='lat' dir='ltr'><strong>dubito,</strong></span> <span class='ocrx_word' id='word_1_148' title='bbox 601 1796 668 1872; x_wconf 87' lang='lat' dir='ltr'><strong>quio</strong></span> <span class='ocrx_word' id='word_1_149' title='bbox 687 1793 903 1851; x_wconf 86' lang='lat' dir='ltr'><strong>Callimacheum</strong></span> <span class='ocrx_word' id='word_1_150' title='bbox 922 1813 1034 1853; x_wconf 87' lang='lat' dir='ltr'><strong>carmen</strong></span> <span class='ocrx_word' id='word_1_151' title='bbox 1053 1796 1126 1853; x_wconf 85' lang='lat' dir='ltr'><strong>intes</strong></span> <span class='ocrx_word' id='word_1_152' title='bbox 1143 1795 1237 1852; x_wconf 88' lang='lat' dir='ltr'><strong>similis</strong></span> <span class='ocrx_word' id='word_1_153' title='bbox 1251 1792 1305 1851; x_wconf 67' lang='lat' dir='ltr'><strong>ebs</strong></span> 
     </span>
     <span class='ocr_line' id='line_1_18' title="bbox 224 1878 1305 1968; baseline -0.006 -20"><span class='ocrx_word' id='word_1_154' title='bbox 224 1908 289 1948; x_wconf 84' lang='lat' dir='ltr'><strong>sum</strong></span> <span class='ocrx_word' id='word_1_155' title='bbox 307 1891 436 1968; x_wconf 84' lang='lat' dir='ltr'><strong>supparis</strong></span> <span class='ocrx_word' id='word_1_156' title='bbox 455 1890 553 1948; x_wconf 79' lang='lat' dir='ltr'><strong>aetatis</strong></span> <span class='ocrx_word' id='word_1_157' title='bbox 572 1889 701 1946; x_wconf 82' lang='lat' dir='ltr'><strong>eximium</strong></span> <span class='ocrx_word' id='word_1_158' title='bbox 719 1887 852 1945; x_wconf 72' lang='lat' dir='ltr'><strong>fuentiis</strong></span> <span class='ocrx_word' id='word_1_159' title='bbox 871 1890 965 1961; x_wconf 84' lang='lat' dir='ltr'><strong>rebus,</strong></span> <span class='ocrx_word' id='word_1_160' title='bbox 984 1888 1085 1966; x_wconf 88' lang='lat' dir='ltr'><strong>quibus</strong></span> <span class='ocrx_word' id='word_1_161' title='bbox 1103 1887 1170 1946; x_wconf 71' lang='lat' dir='ltr'><strong>dixi,</strong></span> <span class='ocrx_word' id='word_1_162' title='bbox 1207 1878 1305 1963; x_wconf 79' lang='lat' dir='ltr'><strong>Eupho-¹</strong></span> 
     </span>
     <span class='ocr_line' id='line_1_19' title="bbox 223 1977 1305 2062; baseline -0.003 -21"><span class='ocrx_word' id='word_1_163' title='bbox 223 1982 310 2042; x_wconf 82' lang='lat' dir='ltr'><strong>rionis</strong></span> <span class='ocrx_word' id='word_1_164' title='bbox 335 1983 491 2052; x_wconf 75' lang='lat' dir='ltr'><strong>chiliades,</strong></span> <span class='ocrx_word' id='word_1_165' title='bbox 509 1996 593 2062; x_wconf 84' lang='lat' dir='ltr'><strong>&#39;quas</strong></span> <span class='ocrx_word' id='word_1_166' title='bbox 618 1982 741 2061; x_wconf 87' lang='lat' dir='ltr'><strong>quinque</strong></span> <span class='ocrx_word' id='word_1_167' title='bbox 766 1996 912 2038; x_wconf 80' lang='lat' dir='ltr'><strong>uersuum</strong></span> <span class='ocrx_word' id='word_1_168' title='bbox 928 1981 1014 2040; x_wconf 85' lang='lat' dir='ltr'><strong>millia</strong></span> <span class='ocrx_word' id='word_1_169' title='bbox 1039 1982 1207 2040; x_wconf 77' lang='lat' dir='ltr'><strong>continuisse</strong></span> <span class='ocrx_word' id='word_1_170' title='bbox 1227 1977 1305 2038; x_wconf 55' lang='lat' dir='ltr'><strong>stat&amp;</strong></span> 
     </span>
     <span class='ocr_line' id='line_1_20' title="bbox 222 2064 1305 2154; baseline -0.004 -19"><span class='ocrx_word' id='word_1_171' title='bbox 222 2075 378 2136; x_wconf 77' lang='lat' dir='ltr'><strong>Meinelrios</strong></span> <span class='ocrx_word' id='word_1_172' title='bbox 397 2096 427 2154; x_wconf 83' lang='lat' dir='ltr'><strong>p.</strong></span> <span class='ocrx_word' id='word_1_173' title='bbox 447 2080 508 2150; x_wconf 73' lang='lat'><strong>22,</strong></span> <span class='ocrx_word' id='word_1_174' title='bbox 534 2064 722 2133; x_wconf 77' lang='lat' dir='ltr'><strong>centenorum</strong></span> <span class='ocrx_word' id='word_1_175' title='bbox 741 2072 946 2137; x_wconf 69' lang='lat' dir='ltr'><strong>reconffitsrum</strong></span> <span class='ocrx_word' id='word_1_176' title='bbox 971 2094 1029 2133; x_wconf 87' lang='lat' dir='ltr'><strong>non</strong></span> <span class='ocrx_word' id='word_1_177' title='bbox 1052 2075 1181 2152; x_wconf 83' lang='lat' dir='ltr'><strong>exiguam</strong></span> <span class='ocrx_word' id='word_1_178' title='bbox 1204 2068 1305 2148; x_wconf 51' lang='lat' dir='ltr'><strong>semodi</strong></span> 
     </span>
     <span class='ocr_line' id='line_1_21' title="bbox 222 2142 1305 2245; baseline -0.003 -18"><span class='ocrx_word' id='word_1_179' title='bbox 222 2187 288 2228; x_wconf 82' lang='lat' dir='ltr'><strong>nem</strong></span> <span class='ocrx_word' id='word_1_180' title='bbox 309 2169 471 2245; x_wconf 82' lang='lat' dir='ltr'><strong>complexae</strong></span> <span class='ocrx_word' id='word_1_181' title='bbox 491 2166 633 2225; x_wconf 78' lang='lat' dir='ltr'><strong>ridentur:</strong></span> <span class='ocrx_word' id='word_1_182' title='bbox 658 2176 717 2225; x_wconf 88' lang='lat' dir='ltr'><strong>tam</strong></span> <span class='ocrx_word' id='word_1_183' title='bbox 736 2166 894 2224; x_wconf 88' lang='lat' dir='ltr'><strong>continuam</strong></span> <span class='ocrx_word' id='word_1_184' title='bbox 918 2168 1017 2225; x_wconf 84' lang='lat' dir='ltr'><strong>seriem</strong></span> <span class='ocrx_word' id='word_1_185' title='bbox 1036 2176 1165 2225; x_wconf 86' lang='lat' dir='ltr'><strong>sotorum</strong></span> <span class='ocrx_word' id='word_1_186' title='bbox 1188 2142 1305 2245; x_wconf 57' lang='lat' dir='ltr'><strong>pensavi</strong></span> 
     </span>
     <span class='ocr_line' id='line_1_22' title="bbox 219 2238 1305 2338; baseline -0.006 -16"><span class='ocrx_word' id='word_1_187' title='bbox 219 2279 283 2322; x_wconf 73' lang='lat' dir='ltr'><strong>rum</strong></span> <span class='ocrx_word' id='word_1_188' title='bbox 301 2269 331 2319; x_wconf 81' lang='lat' dir='ltr'><strong>et</strong></span> <span class='ocrx_word' id='word_1_189' title='bbox 350 2262 473 2319; x_wconf 90' lang='lat' dir='ltr'><strong>ominum</strong></span> <span class='ocrx_word' id='word_1_190' title='bbox 491 2259 660 2329; x_wconf 82' lang='lat' dir='ltr'><strong>exhibuisse,</strong></span> <span class='ocrx_word' id='word_1_191' title='bbox 687 2278 721 2317; x_wconf 86' lang='lat' dir='ltr'><strong>nc</strong></span> <span class='ocrx_word' id='word_1_192' title='bbox 741 2260 903 2318; x_wconf 83' lang='lat' dir='ltr'><strong>Callimachi</strong></span> <span class='ocrx_word' id='word_1_193' title='bbox 928 2261 1115 2338; x_wconf 83' lang='lat' dir='ltr'><strong>opusculum,</strong></span> <span class='ocrx_word' id='word_1_194' title='bbox 1141 2279 1199 2318; x_wconf 85' lang='lat' dir='ltr'><strong>noa</strong></span> <span class='ocrx_word' id='word_1_195' title='bbox 1223 2238 1305 2316; x_wconf 61' lang='lat' dir='ltr'><strong>vidui</strong></span> 
     </span>
     <span class='ocr_line' id='line_1_23' title="bbox 221 2352 1303 2431; baseline -0.004 -18"><span class='ocrx_word' id='word_1_196' title='bbox 221 2363 286 2413; x_wconf 85' lang='lat' dir='ltr'><strong>turs</strong></span> <span class='ocrx_word' id='word_1_197' title='bbox 315 2372 368 2414; x_wconf 89' lang='lat' dir='ltr'><strong>nec</strong></span> <span class='ocrx_word' id='word_1_198' title='bbox 394 2353 475 2412; x_wconf 82' lang='lat' dir='ltr'><strong>isole</strong></span> <span class='ocrx_word' id='word_1_199' title='bbox 501 2354 557 2411; x_wconf 86' lang='lat' dir='ltr'><strong>olio</strong></span> <span class='ocrx_word' id='word_1_200' title='bbox 581 2353 705 2412; x_wconf 81' lang='lat' dir='ltr'><strong>eiusdem</strong></span> <span class='ocrx_word' id='word_1_201' title='bbox 730 2355 839 2430; x_wconf 83' lang='lat' dir='ltr'><strong>generis</strong></span> <span class='ocrx_word' id='word_1_202' title='bbox 866 2356 999 2412; x_wconf 80' lang='lat' dir='ltr'><strong>cannino.</strong></span> <span class='ocrx_word' id='word_1_203' title='bbox 1044 2353 1193 2431; x_wconf 82' lang='lat' dir='ltr'><strong>singulare</strong></span> <span class='ocrx_word' id='word_1_204' title='bbox 1216 2352 1303 2411; x_wconf 78' lang='lat' dir='ltr'><strong>hocs</strong></span> 
     </span>
     <span class='ocr_line' id='line_1_24' title="bbox 222 2446 1303 2528; baseline -0.006 -22"><span class='ocrx_word' id='word_1_205' title='bbox 222 2465 338 2526; x_wconf 82' lang='lat' dir='ltr'><strong>prorsus</strong></span> <span class='ocrx_word' id='word_1_206' title='bbox 357 2466 459 2507; x_wconf 81' lang='lat' dir='ltr'><strong>norum</strong></span> <span class='ocrx_word' id='word_1_207' title='bbox 478 2446 558 2522; x_wconf 77' lang='lat' dir='ltr'><strong>ride,</strong></span> <span class='ocrx_word' id='word_1_208' title='bbox 584 2464 621 2505; x_wconf 87' lang='lat' dir='ltr'><strong>an</strong></span> <span class='ocrx_word' id='word_1_209' title='bbox 646 2447 779 2525; x_wconf 84' lang='lat' dir='ltr'><strong>explicari</strong></span> <span class='ocrx_word' id='word_1_210' title='bbox 804 2449 900 2528; x_wconf 87' lang='lat' dir='ltr'><strong>possit,</strong></span> <span class='ocrx_word' id='word_1_211' title='bbox 919 2449 942 2506; x_wconf 88' lang='lat' dir='ltr'><strong>si</strong></span> <span class='ocrx_word' id='word_1_212' title='bbox 961 2446 1106 2506; x_wconf 77' lang='lat' dir='ltr'><strong>credamus</strong></span> <span class='ocrx_word' id='word_1_213' title='bbox 1126 2446 1253 2507; x_wconf 84' lang='lat' dir='ltr'><strong>Oridium</strong></span> <span class='ocrx_word' id='word_1_214' title='bbox 1266 2451 1303 2500; x_wconf 78' lang='lat' dir='ltr'><strong>oi·</strong></span> 
     </span>
     <span class='ocr_line' id='line_1_25' title="bbox 220 2537 1303 2620; baseline -0.001 -23"><span class='ocrx_word' id='word_1_215' title='bbox 220 2538 310 2597; x_wconf 86' lang='lat' dir='ltr'><strong>iorem</strong></span> <span class='ocrx_word' id='word_1_216' title='bbox 339 2537 416 2597; x_wconf 91' lang='lat' dir='ltr'><strong>illum</strong></span> <span class='ocrx_word' id='word_1_217' title='bbox 441 2540 478 2598; x_wconf 90' lang='lat' dir='ltr'><strong>de</strong></span> <span class='ocrx_word' id='word_1_218' title='bbox 504 2557 537 2598; x_wconf 83' lang='lat' dir='ltr'><strong>re</strong></span> <span class='ocrx_word' id='word_1_219' title='bbox 561 2538 654 2597; x_wconf 81' lang='lat' dir='ltr'><strong>diviua</strong></span> <span class='ocrx_word' id='word_1_220' title='bbox 679 2540 806 2599; x_wconf 86' lang='lat' dir='ltr'><strong>iacienda</strong></span> <span class='ocrx_word' id='word_1_221' title='bbox 833 2560 861 2602; x_wconf 79' lang='lat' dir='ltr'><strong>v.</strong></span> <span class='ocrx_word' id='word_1_222' title='bbox 886 2544 934 2599; x_wconf 79' lang='lat'><strong>97.</strong></span> <span class='ocrx_word' id='word_1_223' title='bbox 961 2559 1040 2620; x_wconf 86' lang='lat' dir='ltr'><strong>seqq.</strong></span> <span class='ocrx_word' id='word_1_224' title='bbox 1069 2557 1126 2599; x_wconf 84' lang='lat' dir='ltr'><strong>non</strong></span> <span class='ocrx_word' id='word_1_225' title='bbox 1154 2539 1303 2597; x_wconf 72' lang='lat' dir='ltr'><strong>enonas·</strong></span> 
     </span>
     <span class='ocr_line' id='line_1_26' title="bbox 219 2626 1303 2709; baseline -0.006 -16"><span class='ocrx_word' id='word_1_226' title='bbox 219 2649 301 2693; x_wconf 78' lang='lat' dir='ltr'><strong>more</strong></span> <span class='ocrx_word' id='word_1_227' title='bbox 326 2633 464 2706; x_wconf 72' lang='lat' dir='ltr'><strong>ascivisse,</strong></span> <span class='ocrx_word' id='word_1_228' title='bbox 490 2633 566 2691; x_wconf 85' lang='lat' dir='ltr'><strong>velut</strong></span> <span class='ocrx_word' id='word_1_229' title='bbox 589 2632 627 2691; x_wconf 91' lang='lat' dir='ltr'><strong>de</strong></span> <span class='ocrx_word' id='word_1_230' title='bbox 653 2632 721 2690; x_wconf 85' lang='lat' dir='ltr'><strong>diris</strong></span> <span class='ocrx_word' id='word_1_231' title='bbox 747 2634 776 2690; x_wconf 89' lang='lat' dir='ltr'><strong>in</strong></span> <span class='ocrx_word' id='word_1_232' title='bbox 803 2633 934 2692; x_wconf 79' lang='lat' dir='ltr'><strong>Crassum</strong></span> <span class='ocrx_word' id='word_1_233' title='bbox 953 2652 971 2692; x_wconf 89' lang='lat' dir='ltr'><strong>a</strong></span> <span class='ocrx_word' id='word_1_234' title='bbox 989 2632 1105 2691; x_wconf 86' lang='lat' dir='ltr'><strong>tribunis</strong></span> <span class='ocrx_word' id='word_1_235' title='bbox 1130 2632 1219 2709; x_wconf 89' lang='lat' dir='ltr'><strong>plebis</strong></span> <span class='ocrx_word' id='word_1_236' title='bbox 1240 2626 1303 2686; x_wconf 66' lang='lat' dir='ltr'><strong>fase</strong></span> 
     </span>
     <span class='ocr_line' id='line_1_27' title="bbox 219 2724 1303 2804; baseline -0.002 -20"><span class='ocrx_word' id='word_1_237' title='bbox 219 2724 338 2802; x_wconf 82' lang='lat' dir='ltr'><strong>legimus</strong></span> <span class='ocrx_word' id='word_1_238' title='bbox 356 2725 433 2804; x_wconf 85' lang='lat' dir='ltr'><strong>apud</strong></span> <span class='ocrx_word' id='word_1_239' title='bbox 451 2726 571 2784; x_wconf 88' lang='lat' dir='ltr'><strong>Dionem</strong></span> <span class='ocrx_word' id='word_1_240' title='bbox 589 2727 717 2784; x_wconf 88' lang='lat' dir='ltr'><strong>Cassium</strong></span> <span class='ocrx_word' id='word_1_241' title='bbox 735 2727 784 2786; x_wconf 80' lang='lat' dir='ltr'><strong>lib‘.</strong></span> <span class='ocrx_word' id='word_1_242' title='bbox 804 2729 853 2784; x_wconf 75' lang='lat'><strong>39.</strong></span> <span class='ocrx_word' id='word_1_243' title='bbox 872 2745 898 2785; x_wconf 92' lang='lat' dir='ltr'><strong>c.</strong></span> <span class='ocrx_word' id='word_1_244' title='bbox 918 2729 980 2801; x_wconf 72' lang='lat' dir='ltr'><strong>eh,</strong></span> <span class='ocrx_word' id='word_1_245' title='bbox 999 2726 1047 2784; x_wconf 92' lang='lat' dir='ltr'><strong>ubi</strong></span> <span class='ocrx_word' id='word_1_246' title='bbox 1072 2724 1137 2796; x_wconf 75' lang='lat' dir='ltr'><strong>side</strong></span> <span class='ocrx_word' id='word_1_247' title='bbox 1155 2725 1303 2800; x_wconf 74' lang='lat' dir='ltr'><strong>interppst</strong></span> 
     </span>
    </p>
   </div>
   <div class='ocr_carea' id='block_1_5' title="bbox 87 2816 1303 2897">
    <p class='ocr_par' dir='ltr' id='par_1_10' title="bbox 87 2816 1303 2897">
     <span class='ocr_line' id='line_1_28' title="bbox 87 2816 1303 2897; baseline -0.005 -20"><span class='ocrx_word' id='word_1_248' title='bbox 87 2819 93 2825; x_wconf 73' lang='grc'><em>”</em></span> <span class='ocrx_word' id='word_1_249' title='bbox 220 2816 338 2877; x_wconf 82' lang='lat' dir='ltr'><strong>Putsch.</strong></span> <span class='ocrx_word' id='word_1_250' title='bbox 358 2817 397 2877; x_wconf 87' lang='lat' dir='ltr'><strong>de</strong></span> <span class='ocrx_word' id='word_1_251' title='bbox 413 2818 510 2877; x_wconf 81' lang='lat' dir='ltr'><strong>Voles.</strong></span> <span class='ocrx_word' id='word_1_252' title='bbox 529 2819 639 2877; x_wconf 87' lang='lat' dir='ltr'><strong>Catone</strong></span> <span class='ocrx_word' id='word_1_253' title='bbox 657 2838 688 2897; x_wconf 89' lang='lat' dir='ltr'><strong>p.</strong></span> <span class='ocrx_word' id='word_1_254' title='bbox 708 2824 757 2877; x_wconf 78' lang='lat'>12..</span> <span class='ocrx_word' id='word_1_255' title='bbox 775 2837 839 2896; x_wconf 84' lang='lat' dir='ltr'><strong>sq.,</strong></span> <span class='ocrx_word' id='word_1_256' title='bbox 865 2818 917 2877; x_wconf 88' lang='lat' dir='ltr'><strong>sed</strong></span> <span class='ocrx_word' id='word_1_257' title='bbox 934 2836 952 2877; x_wconf 88' lang='lat' dir='ltr'><strong>a</strong></span> <span class='ocrx_word' id='word_1_258' title='bbox 971 2816 1143 2877; x_wconf 83' lang='lat' dir='ltr'><strong>Callimacho</strong></span> <span class='ocrx_word' id='word_1_259' title='bbox 1169 2824 1303 2875; x_wconf 76' lang='lat' dir='ltr'><strong>mutuat·</strong></span> 
     </span>
    </p>
   </div>
   <div class='ocr_carea' id='block_1_6' title="bbox 96 2907 1304 4220">
    <p class='ocr_par' dir='ltr' id='par_1_11' title="bbox 96 2907 1304 4093">
     <span class='ocr_line' id='line_1_29' title="bbox 220 2907 1303 2989; baseline -0.003 -18"><span class='ocrx_word' id='word_1_260' title='bbox 220 2927 294 2985; x_wconf 80' lang='lat' dir='ltr'><strong>esse,</strong></span> <span class='ocrx_word' id='word_1_261' title='bbox 313 2910 362 2989; x_wconf 89' lang='lat' dir='ltr'><strong>qui</strong></span> <span class='ocrx_word' id='word_1_262' title='bbox 379 2909 461 2970; x_wconf 89' lang='lat' dir='ltr'><strong>simili</strong></span> <span class='ocrx_word' id='word_1_263' title='bbox 480 2912 565 2970; x_wconf 88' lang='lat' dir='ltr'><strong>modo</strong></span> <span class='ocrx_word' id='word_1_264' title='bbox 583 2929 698 2972; x_wconf 85' lang='lat' dir='ltr'><strong>cannen</strong></span> <span class='ocrx_word' id='word_1_265' title='bbox 725 2931 806 2969; x_wconf 91' lang='lat' dir='ltr'><strong>suum</strong></span> <span class='ocrx_word' id='word_1_266' title='bbox 831 2929 945 2969; x_wconf 74' lang='lat' dir='ltr'><strong>morsus</strong></span> <span class='ocrx_word' id='word_1_267' title='bbox 970 2912 1070 2972; x_wconf 79' lang='lat' dir='ltr'><strong>suerit:</strong></span> <span class='ocrx_word' id='word_1_268' title='bbox 1096 2909 1200 2970; x_wconf 83' lang='lat' dir='ltr'><strong>deiude</strong></span> <span class='ocrx_word' id='word_1_269' title='bbox 1223 2907 1303 2980; x_wconf 68' lang='lat' dir='ltr'><strong>sim·</strong></span> 
     </span>
     <span class='ocr_line' id='line_1_30' title="bbox 219 3001 1303 3083; baseline -0.001 -19"><span class='ocrx_word' id='word_1_270' title='bbox 219 3019 355 3064; x_wconf 68' lang='lat' dir='ltr'><strong>meum</strong></span> <span class='ocrx_word' id='word_1_271' title='bbox 372 3012 486 3083; x_wconf 76' lang='lat' dir='ltr'><strong>postam</strong></span> <span class='ocrx_word' id='word_1_272' title='bbox 511 3023 569 3063; x_wconf 91' lang='lat' dir='ltr'><strong>non</strong></span> <span class='ocrx_word' id='word_1_273' title='bbox 597 3017 682 3065; x_wconf 86' lang='lat' dir='ltr'><strong>antea</strong></span> <span class='ocrx_word' id='word_1_274' title='bbox 705 3006 799 3064; x_wconf 87' lang='lat' dir='ltr'><strong>stilum</strong></span> <span class='ocrx_word' id='word_1_275' title='bbox 823 3023 905 3063; x_wconf 89' lang='lat' dir='ltr'><strong>snum</strong></span> <span class='ocrx_word' id='word_1_276' title='bbox 930 3005 1037 3064; x_wconf 84' lang='lat' dir='ltr'><strong>acuisse</strong></span> <span class='ocrx_word' id='word_1_277' title='bbox 1061 3021 1215 3083; x_wconf 84' lang='lat' dir='ltr'><strong>ponamus,</strong></span> <span class='ocrx_word' id='word_1_278' title='bbox 1236 3001 1303 3078; x_wconf 64' lang='grc' dir='ltr'><strong>(μ’</strong></span> 
     </span>
     <span class='ocr_line' id='line_1_31' title="bbox 219 3085 1304 3250; baseline -0.004 -92"><span class='ocrx_word' id='word_1_279' title='bbox 219 3098 385 3177; x_wconf 74' lang='lat' dir='ltr'><strong>Apollonius</strong></span> <span class='ocrx_word' id='word_1_280' title='bbox 402 3095 567 3157; x_wconf 76' lang='lat' dir='ltr'><strong>Alexandria</strong></span> <span class='ocrx_word' id='word_1_281' title='bbox 585 3098 719 3158; x_wconf 83' lang='lat' dir='ltr'><strong>Rhodum</strong></span> <span class='ocrx_word' id='word_1_282' title='bbox 737 3116 769 3157; x_wconf 88' lang='lat' dir='ltr'><strong>se</strong></span> <span class='ocrx_word' id='word_1_283' title='bbox 787 3097 971 3180; x_wconf 83' lang='lat' dir='ltr'><strong>pmripuerits</strong></span> <span class='ocrx_word' id='word_1_284' title='bbox 991 3096 1067 3180; x_wconf 89' lang='lat' dir='ltr'><strong>qood</strong></span> <span class='ocrx_word' id='word_1_285' title='bbox 1085 3105 1164 3157; x_wconf 63' lang='lat' dir='ltr'><strong>oete</strong></span> <span class='ocrx_word' id='word_1_286' title='bbox 1181 3085 1304 3250; x_wconf 52' lang='lat' dir='ltr'><strong>wem</strong></span> 
     </span>
     <span class='ocr_line' id='line_1_32' title="bbox 219 3187 1260 3273; baseline -0.004 -22"><span class='ocrx_word' id='word_1_287' title='bbox 219 3202 266 3251; x_wconf 84' lang='lat' dir='ltr'><strong>tss</strong></span> <span class='ocrx_word' id='word_1_288' title='bbox 285 3209 338 3272; x_wconf 85' lang='lat' dir='ltr'><strong>prs</strong></span> <span class='ocrx_word' id='word_1_289' title='bbox 353 3192 508 3273; x_wconf 78' lang='lat' dir='ltr'><strong>&#39;explorato</strong></span> <span class='ocrx_word' id='word_1_290' title='bbox 531 3191 639 3251; x_wconf 79' lang='lat' dir='ltr'><strong>babuit.</strong></span> <span class='ocrx_word' id='word_1_291' title='bbox 684 3191 778 3251; x_wconf 86' lang='lat' dir='ltr'><strong>Rhodi</strong></span> <span class='ocrx_word' id='word_1_292' title='bbox 803 3192 889 3269; x_wconf 71' lang='lat' dir='ltr'><strong>igitur</strong></span> <span class='ocrx_word' id='word_1_293' title='bbox 910 3192 939 3250; x_wconf 92' lang='lat' dir='ltr'><strong>in</strong></span> <span class='ocrx_word' id='word_1_294' title='bbox 965 3192 1080 3269; x_wconf 85' lang='lat' dir='ltr'><strong>antiquo</strong></span> <span class='ocrx_word' id='word_1_295' title='bbox 1104 3189 1211 3269; x_wconf 89' lang='lat' dir='ltr'><strong>oppido</strong></span> <span class='ocrx_word' id='word_1_296' title='bbox 1253 3187 1260 3201; x_wconf 78' lang='grc'><strong><em>’</em></strong></span> 
     </span>
     <span class='ocr_line' id='line_1_33' title="bbox 219 3269 1304 3365; baseline -0.002 -21"><span class='ocrx_word' id='word_1_297' title='bbox 219 3284 362 3363; x_wconf 80' lang='lat' dir='ltr'><strong>singulare</strong></span> <span class='ocrx_word' id='word_1_298' title='bbox 379 3302 413 3344; x_wconf 87' lang='lat' dir='ltr'><strong>ec</strong></span> <span class='ocrx_word' id='word_1_299' title='bbox 430 3285 582 3365; x_wconf 82' lang='lat' dir='ltr'><strong>permirum</strong></span> <span class='ocrx_word' id='word_1_300' title='bbox 602 3286 728 3345; x_wconf 81' lang='lat' dir='ltr'><strong>sacrificii</strong></span> <span class='ocrx_word' id='word_1_301' title='bbox 746 3304 834 3362; x_wconf 77' lang='lat' dir='ltr'><strong>genus</strong></span> <span class='ocrx_word' id='word_1_302' title='bbox 853 3271 1138 3344; x_wconf 66' lang='lat' dir='ltr'><strong>flemutt‘iouitursu</strong></span> <span class='ocrx_word' id='word_1_303' title='bbox 1158 3291 1228 3353; x_wconf 74' lang='lat' dir='ltr'><strong>esst.</strong></span> <span class='ocrx_word' id='word_1_304' title='bbox 1244 3269 1304 3350; x_wconf 48' lang='lat' dir='ltr'><strong>a&amp;</strong></span> 
     </span>
     <span class='ocr_line' id='line_1_34' title="bbox 218 3359 1303 3457; baseline -0.002 -21"><span class='ocrx_word' id='word_1_305' title='bbox 218 3376 433 3457; x_wconf 79' lang='lat' dir='ltr'><strong>descriptionem</strong></span> <span class='ocrx_word' id='word_1_306' title='bbox 459 3389 538 3456; x_wconf 84' lang='lat' dir='ltr'><strong>petes</strong></span> <span class='ocrx_word' id='word_1_307' title='bbox 558 3397 576 3437; x_wconf 90' lang='lat' dir='ltr'><strong>a</strong></span> <span class='ocrx_word' id='word_1_308' title='bbox 594 3376 694 3441; x_wconf 76' lang='lat' dir='ltr'><strong>Photio</strong></span> <span class='ocrx_word' id='word_1_309' title='bbox 712 3396 730 3438; x_wconf 86' lang='lat' dir='ltr'><strong>s</strong></span> <span class='ocrx_word' id='word_1_310' title='bbox 749 3379 885 3453; x_wconf 66' lang='lat' dir='ltr'><strong>Quone,</strong></span> <span class='ocrx_word' id='word_1_311' title='bbox 912 3379 979 3439; x_wconf 89' lang='lat' dir='ltr'><strong>bibl.</strong></span> <span class='ocrx_word' id='word_1_312' title='bbox 1005 3376 1070 3437; x_wconf 89' lang='lat' dir='ltr'><strong>ond.</strong></span> <span class='ocrx_word' id='word_1_313' title='bbox 1096 3378 1182 3450; x_wconf 58' lang='lat'><strong>¹⁸⁶5</strong></span> <span class='ocrx_word' id='word_1_314' title='bbox 1198 3393 1227 3453; x_wconf 83' lang='lat' dir='ltr'><strong>p.</strong></span> <span class='ocrx_word' id='word_1_315' title='bbox 1252 3359 1303 3428; x_wconf 74' lang='lat' dir='ltr'><strong>ml</strong></span> 
     </span>
     <span class='ocr_line' id='line_1_35' title="bbox 96 3425 1304 3552; baseline -0.006 -22"><span class='ocrx_word' id='word_1_316' title='bbox 96 3475 107 3530; x_wconf 61' lang='grc' dir='ltr'><em>ζ</em></span> <span class='ocrx_word' id='word_1_317' title='bbox 215 3466 321 3545; x_wconf 75' lang='lat' dir='ltr'><strong>lietb,</strong></span> <span class='ocrx_word' id='word_1_318' title='bbox 340 3470 470 3531; x_wconf 81' lang='lat' dir='ltr'><strong>Lactaut.</strong></span> <span class='ocrx_word' id='word_1_319' title='bbox 489 3473 593 3532; x_wconf 57' lang='lat' dir='ltr'><strong>institts</strong></span> <span class='ocrx_word' id='word_1_320' title='bbox 611 3478 641 3545; x_wconf 90' lang='lat'><strong>1,</strong></span> <span class='ocrx_word' id='word_1_321' title='bbox 659 3477 722 3552; x_wconf 65' lang='grc' dir='ltr'><strong>Ἅι,</strong></span> <span class='ocrx_word' id='word_1_322' title='bbox 740 3470 876 3548; x_wconf 85' lang='lat' dir='ltr'><strong>epitomes</strong></span> <span class='ocrx_word' id='word_1_323' title='bbox 889 3490 913 3530; x_wconf 86' lang='lat' dir='ltr'><strong>c.</strong></span> <span class='ocrx_word' id='word_1_324' title='bbox 924 3478 985 3547; x_wconf 44' lang='grc' dir='ltr'><strong>ἤδη</strong></span> <span class='ocrx_word' id='word_1_325' title='bbox 1004 3425 1304 3551; x_wconf 59' lang='lat' dir='ltr'><strong>Apollodos.2,5,ihl</strong></span> 
     </span>
     <span class='ocr_line' id='line_1_36' title="bbox 216 3557 1302 3644; baseline -0.006 -21"><span class='ocrx_word' id='word_1_326' title='bbox 216 3564 354 3623; x_wconf 72' lang='lat' dir='ltr'><strong>emmim.</strong></span> <span class='ocrx_word' id='word_1_327' title='bbox 380 3564 469 3623; x_wconf 82' lang='lat' dir='ltr'><strong>Marc.</strong></span> <span class='ocrx_word' id='word_1_328' title='bbox 489 3563 508 3623; x_wconf 91' lang='grc' dir='ltr'><strong>Ι.</strong></span> <span class='ocrx_word' id='word_1_329' title='bbox 528 3570 578 3626; x_wconf 77' lang='grc'><strong>22.</strong></span> <span class='ocrx_word' id='word_1_330' title='bbox 596 3583 627 3643; x_wconf 85' lang='lat' dir='ltr'><strong>p.</strong></span> <span class='ocrx_word' id='word_1_331' title='bbox 648 3565 728 3624; x_wconf 55' lang='lat'><strong>225:</strong></span> <span class='ocrx_word' id='word_1_332' title='bbox 741 3563 789 3624; x_wconf 83' lang='lat' dir='ltr'><strong>ed.</strong></span> <span class='ocrx_word' id='word_1_333' title='bbox 814 3560 910 3623; x_wconf 83' lang='lat' dir='ltr'><strong>Voles.</strong></span> <span class='ocrx_word' id='word_1_334' title='bbox 954 3567 1055 3625; x_wconf 81' lang='lat' dir='ltr'><strong>Flebat</strong></span> <span class='ocrx_word' id='word_1_335' title='bbox 1076 3564 1178 3644; x_wconf 79' lang='lat' dir='ltr'><strong>quouis</strong></span> <span class='ocrx_word' id='word_1_336' title='bbox 1205 3557 1302 3634; x_wconf 66' lang='lat' dir='ltr'><strong>ducos·</strong></span> 
     </span>
     <span class='ocr_line' id='line_1_37' title="bbox 215 3649 1302 3738; baseline -0.005 -23"><span class='ocrx_word' id='word_1_337' title='bbox 215 3649 292 3732; x_wconf 70' lang='lat' dir='ltr'><strong>soloe</strong></span> <span class='ocrx_word' id='word_1_338' title='bbox 310 3674 424 3733; x_wconf 78' lang='lat' dir='ltr'><strong>genere,</strong></span> <span class='ocrx_word' id='word_1_339' title='bbox 443 3661 583 3734; x_wconf 80' lang='lat' dir='ltr'><strong>conviciis,</strong></span> <span class='ocrx_word' id='word_1_340' title='bbox 601 3657 856 3735; x_wconf 84' lang='lat' dir='ltr'><strong>imprecationibus,</strong></span> <span class='ocrx_word' id='word_1_341' title='bbox 881 3660 980 3738; x_wconf 85' lang='lat' dir='ltr'><strong>pipulo</strong></span> <span class='ocrx_word' id='word_1_342' title='bbox 1005 3670 1091 3736; x_wconf 84' lang='lat' dir='ltr'><strong>arque</strong></span> <span class='ocrx_word' id='word_1_343' title='bbox 1116 3653 1302 3722; x_wconf 66' lang='lat' dir='ltr'><strong>occentabunt</strong></span> 
     </span>
     <span class='ocr_line' id='line_1_38' title="bbox 215 3741 1302 3833; baseline -0.002 -27"><span class='ocrx_word' id='word_1_344' title='bbox 215 3748 285 3827; x_wconf 82' lang='lat' dir='ltr'><strong>quid</strong></span> <span class='ocrx_word' id='word_1_345' title='bbox 300 3748 438 3827; x_wconf 78' lang='lat' dir='ltr'><strong>quaerisl</strong></span> <span class='ocrx_word' id='word_1_346' title='bbox 463 3750 544 3812; x_wconf 87' lang='lat' dir='ltr'><strong>simili</strong></span> <span class='ocrx_word' id='word_1_347' title='bbox 563 3770 679 3833; x_wconf 83' lang='lat' dir='ltr'><strong>prorsus</strong></span> <span class='ocrx_word' id='word_1_348' title='bbox 697 3750 783 3807; x_wconf 90' lang='lat' dir='ltr'><strong>modo</strong></span> <span class='ocrx_word' id='word_1_349' title='bbox 808 3763 1001 3832; x_wconf 86' lang='lat' dir='ltr'><strong>cmnpsratnm</strong></span> <span class='ocrx_word' id='word_1_350' title='bbox 1025 3762 1105 3824; x_wconf 83' lang='lat' dir='ltr'><strong>orat,</strong></span> <span class='ocrx_word' id='word_1_351' title='bbox 1133 3759 1219 3825; x_wconf 85' lang='lat' dir='ltr'><strong>atque</strong></span> <span class='ocrx_word' id='word_1_352' title='bbox 1236 3741 1302 3802; x_wconf 68' lang='lat' dir='ltr'><strong>Colit</strong></span> 
     </span>
     <span class='ocr_line' id='line_1_39' title="bbox 215 3839 1302 3924; baseline -0.005 -22"><span class='ocrx_word' id='word_1_353' title='bbox 215 3841 307 3902; x_wconf 62' lang='lat' dir='ltr'><strong>mecm</strong></span> <span class='ocrx_word' id='word_1_354' title='bbox 325 3843 380 3901; x_wconf 89' lang='lat' dir='ltr'><strong>hoc</strong></span> <span class='ocrx_word' id='word_1_355' title='bbox 398 3863 530 3921; x_wconf 82' lang='lat' dir='ltr'><strong>carmen,</strong></span> <span class='ocrx_word' id='word_1_356' title='bbox 548 3844 594 3924; x_wconf 86' lang='lat' dir='ltr'><strong>¹do</strong></span> <span class='ocrx_word' id='word_1_357' title='bbox 613 3863 671 3922; x_wconf 79' lang='lat' dir='ltr'><strong>quo</strong></span> <span class='ocrx_word' id='word_1_358' title='bbox 697 3843 799 3920; x_wconf 81' lang='lat' dir='ltr'><strong>agitur.</strong></span> <span class='ocrx_word' id='word_1_359' title='bbox 839 3847 948 3915; x_wconf 87' lang='lat' dir='ltr'><strong>Quodsi</strong></span> <span class='ocrx_word' id='word_1_360' title='bbox 973 3843 1059 3910; x_wconf 82' lang='lat' dir='ltr'><strong>modo</strong></span> <span class='ocrx_word' id='word_1_361' title='bbox 1084 3839 1302 3908; x_wconf 69' lang='lat' dir='ltr'><strong>Collirnachusct</strong></span> 
     </span>
     <span class='ocr_line' id='line_1_40' title="bbox 216 3919 1303 4017; baseline -0.005 -21"><span class='ocrx_word' id='word_1_362' title='bbox 216 3933 300 4012; x_wconf 81' lang='lat' dir='ltr'><strong>loco,</strong></span> <span class='ocrx_word' id='word_1_363' title='bbox 327 3955 385 4014; x_wconf 80' lang='lat' dir='ltr'><strong>quo</strong></span> <span class='ocrx_word' id='word_1_364' title='bbox 410 3935 546 4014; x_wconf 72' lang='lat' dir='ltr'><strong>Ovidius,</strong></span> <span class='ocrx_word' id='word_1_365' title='bbox 570 3937 696 3996; x_wconf 80' lang='lat' dir='ltr'><strong>sacrificii</strong></span> <span class='ocrx_word' id='word_1_366' title='bbox 719 3939 891 3998; x_wconf 84' lang='lat' dir='ltr'><strong>mentionem</strong></span> <span class='ocrx_word' id='word_1_367' title='bbox 917 3939 1030 4010; x_wconf 82' lang='lat' dir='ltr'><strong>babuit,</strong></span> <span class='ocrx_word' id='word_1_368' title='bbox 1053 3935 1211 4017; x_wconf 74' lang='lat' dir='ltr'><strong>putaverim</strong></span> <span class='ocrx_word' id='word_1_369' title='bbox 1233 3919 1303 4005; x_wconf 46' lang='lat' dir='ltr'><strong>toti</strong></span> 
     </span>
     <span class='ocr_line' id='line_1_41' title="bbox 159 4027 1201 4093; baseline -0.002 -6"><span class='ocrx_word' id='word_1_370' title='bbox 159 4063 161 4066; x_wconf 94' lang='lat'>-</span> <span class='ocrx_word' id='word_1_371' title='bbox 215 4047 298 4089; x_wconf 85' lang='lat' dir='ltr'><strong>suom</strong></span> <span class='ocrx_word' id='word_1_372' title='bbox 329 4043 441 4089; x_wconf 84' lang='lat' dir='ltr'><strong>carmen</strong></span> <span class='ocrx_word' id='word_1_373' title='bbox 474 4029 550 4089; x_wconf 88' lang='lat' dir='ltr'><strong>illum</strong></span> <span class='ocrx_word' id='word_1_374' title='bbox 576 4028 613 4089; x_wconf 86' lang='lat' dir='ltr'><strong>od</strong></span> <span class='ocrx_word' id='word_1_375' title='bbox 646 4030 728 4089; x_wconf 84' lang='lat' dir='ltr'><strong>istam</strong></span> <span class='ocrx_word' id='word_1_376' title='bbox 758 4030 888 4091; x_wconf 80' lang='lat' dir='ltr'><strong>Lindiam</strong></span> <span class='ocrx_word' id='word_1_377' title='bbox 920 4053 980 4093; x_wconf 83' lang='lat' dir='ltr'><strong>sem</strong></span> <span class='ocrx_word' id='word_1_378' title='bbox 1011 4032 1133 4093; x_wconf 77' lang='lat' dir='ltr'><strong>divinem</strong></span> <span class='ocrx_word' id='word_1_379' title='bbox 1165 4027 1201 4087; x_wconf 88' lang='lat' dir='ltr'><strong>sd</strong></span> 
     </span>
    </p>

    <p class='ocr_par' dir='ltr' id='par_1_12' title="bbox 173 4120 1302 4220">
     <span class='ocr_line' id='line_1_42' title="bbox 173 4120 1302 4220; baseline 0.007 -43"><span class='ocrx_word' id='word_1_380' title='bbox 173 4122 177 4127; x_wconf 84' lang='lat'><em>&#39;</em></span> <span class='ocrx_word' id='word_1_381' title='bbox 216 4120 295 4180; x_wconf 83' lang='lat' dir='ltr'><strong>ilaec</strong></span> <span class='ocrx_word' id='word_1_382' title='bbox 314 4122 476 4188; x_wconf 80' lang='lat' dir='ltr'><strong>coniectura</strong></span> <span class='ocrx_word' id='word_1_383' title='bbox 492 4123 517 4183; x_wconf 84' lang='lat' dir='ltr'><strong>si</strong></span> <span class='ocrx_word' id='word_1_384' title='bbox 535 4125 627 4186; x_wconf 85' lang='lat' dir='ltr'><strong>locum</strong></span> <span class='ocrx_word' id='word_1_385' title='bbox 646 4123 742 4202; x_wconf 69' lang='lat' dir='ltr'><strong>haber,</strong></span> <span class='ocrx_word' id='word_1_386' title='bbox 764 4127 897 4205; x_wconf 81' lang='lat' dir='ltr'><strong>quoniam</strong></span> <span class='ocrx_word' id='word_1_387' title='bbox 914 4126 984 4188; x_wconf 87' lang='lat' dir='ltr'><strong>iliud</strong></span> <span class='ocrx_word' id='word_1_388' title='bbox 1001 4126 1131 4191; x_wconf 73' lang='lat' dir='ltr'><strong>humus</strong></span> <span class='ocrx_word' id='word_1_389' title='bbox 1148 4137 1258 4184; x_wconf 70' lang='lat' dir='ltr'><strong>sacrm</strong></span> <span class='ocrx_word' id='word_1_390' title='bbox 1301 4205 1302 4220; x_wconf 11' lang='grc' dir='ltr'>χ</span> 
     </span>
    </p>
   </div>
   <div class='ocr_carea' id='block_1_7' title="bbox 0 0 1330 4700">
    <p class='ocr_par' dir='ltr' id='par_1_13' title="bbox 0 0 1330 4700">
     <span class='ocr_line' id='line_1_43' title="bbox 0 0 1330 4700; baseline 0 0"><span class='ocrx_word' id='word_1_391' title='bbox 0 0 1330 4700; x_wconf 95' lang='lat' dir='ltr'><strong> </strong></span> 
     </span>
    </p>
   </div>
  </div>
 </body>
</html>
