2650 4700
219 197 295 288 138
592 203 630 275 a.
648 197 770 267 ovino
789 201 960 267 NASONIS

179 439 183 447 -
216 386 324 478 Bella
347 388 481 467 sonant
505 383 567 463 alii
591 385 677 464 telis
701 386 877 463 instructa
901 388 1073 483 cruentis,

149 498 207 560 sao
272 492 437 591 Parsque
460 492 513 567 tui
537 492 697 590 generis,
719 514 806 592 pars
829 495 893 565 tua
916 490 1016 567 iacta
1039 494 1184 568 canunt.
1301 503 1303 572 ζ

170 613 173 636 ·
217 594 346 671 {uvida
368 618 426 671 me
449 597 568 695 spatio
593 602 723 669 natura
748 595 910 670 coercuit
934 601 1049 690 arcto,

267 699 419 796 ingenio
447 700 549 775 vires
575 699 802 796 exiguasque
824 694 935 772 dedit.
1013 729 1018 740 ·
1125 761 1128 768 .
1299 705 1303 832 q

213 797 265 874 Et
288 808 408 875 tamen
432 799 495 877 ille
519 809 603 876 tuae
629 800 721 876 felix
746 798 937 876 Aeneidos
963 802 1103 874 auctor·
1302 841 1303 876 l

176 959 180 966 ›
265 899 429 981 Contulit
453 905 491 978 in
516 903 654 1004 'lpnios
679 927 778 979 arma
802 906 988 1002 virumque
1012 909 1135 976 toros:

144 1010 199 1071 ⁶³⁵
213 1003 300 1082 Nec
324 1004 457 1103 legitur
479 1030 566 1108 pars
589 1005 673 1082 ulla
689 1006 805 1104 magis
827 1004 874 1082 de
900 1028 1054 1107 corpore
1078 1009 1169 1095 toto,
1300 993 1303 1036 l

263 1108 377 1200 Quam
401 1132 474 1185 non
497 1109 657 1207 legitimo
682 1110 833 1187 loedere
855 1112 999 1186 iunctus
1024 1131 1134 1182 amor.
1300 1143 1303 1188 i

209 1208 390 1320 Plryllidis
414 1211 474 1289 nic
498 1212 592 1289 idem
615 1219 837 1312 teneraeque
861 1209 1098 1311 Amaryllidis
1121 1210 1233 1307 ignes
1301 1199 1303 1276 l

264 1314 449 1390 Bucolicis
476 1315 622 1393 iuvenis
646 1315 784 1392 luserat
806 1321 891 1393 ante
915 1314 1050 1391 modis.
1302 1317 1304 1334 '

208 1414 295 1494 Noe
320 1440 462 1520 quoque
484 1419 555 1496 iam
578 1418 716 1523 pridem
740 1427 876 1524 scripto
900 1417 1135 1522 peccavimus
1160 1432 1252 1503 uuo;

616 1605 686 1667 537.
724 1615 903 1685 tenerosque.

207 1764 266 1825 bat.
304 1762 462 1826 Burmanni
480 1775 668 1827 commentum
687 1765 774 1845 priori
793 1783 891 1824 versu:
910 1765 1029 1839 siccans,
1051 1759 1158 1820 innoc:
1184 1753 1301 1821 orasti

205 1872 245 1887 -
264 1849 337 1916 orto,
356 1844 413 1919 vel,
431 1852 502 1904 outo
520 1847 638 1923 legentis
660 1853 726 1923 post
744 1842 894 1902 Schraderi
919 1841 1030 1899 demum
1055 1837 1304 1917 comprobationem,

205 1916 320 1993 dignum
339 1921 426 1979 ιίιιιιιι
445 1931 506 1997 est,
534 1922 572 1981 de
597 1942 654 2000 quo
680 1921 841 1978 referretur.
882 1917 951 1977 co:
968 1918 1053 1993 igitur
1076 1919 1138 1975 Am.
1156 1919 1190 1990 3,
1211 1911 1304 1987 tata

207 1996 286 2069 Quos
310 1996 395 2056 modo
422 1996 496 2056 dicta
521 2017 584 2058 mco
609 2009 661 2072 cst,
682 1997 712 2056 lt.
731 2015 758 2056 e.
777 1997 932 2054 dicebatur.
970 1994 1037 2056 Vid.
1063 1991 1157 2050 Hand.
1188 1987 1297 2049 Turseli.

204 2076 233 2150 3·
252 2092 283 2150 p·
301 2073 376 2148 645,
403 2094 432 2134 ιι.
456 2073 500 2150 6.,
526 2076 578 2135 nisi
603 2076 726 2133 maroles
745 2093 775 2154 p.
795 2074 865 2146 644,
884 2091 914 2129 n.
942 2075 971 2131 3.
1010 2071 1093 2134 Vere.
1119 2071 1190 2126 529.
1233 2062 1297 2124 cols

203 2156 307 2207 mosot
330 2148 412 2209 Serv.
450 2151 546 2225 foueat
570 2170 628 2208 sec.
652 2151 744 2211 Palat.
788 2155 885 2209 sonent
906 2147 1069 2208 Leidenses.
1112 2146 1298 2206 Coniectum

123 2272 125 2280 ,
202 2226 448 2305 qualemcumques
465 2234 565 2289 meost
581 2228 760 2291 Burmannus
778 2227 892 2284 Heinsio
910 2227 1039 2303 sublegit.

282 2319 352 2380 530.
390 2338 498 2383 asora
519 2327 650 2393 canunr
675 2317 827 2379 seeundum
847 2320 989 2379 Heinsium
1008 2338 1044 2379 ex
1060 2317 1190 2378 Palatino
1209 2315 1296 2396 primo,

100 2420 103 2423 ·
204 2394 281 2455 Gall.
306 2396 386 2455 Leid.
411 2418 468 2458 sec.
497 2400 580 2458 Creu.
607 2400 731 2477 quinque
758 2398 818 2456 aliis
846 2406 875 2455 et
901 2399 990 2475 prima
1024 2396 1145 2455 editione
1170 2395 1295 2453 dedimus.

204 2480 309 2535 nouam
325 2474 469 2535 Leidensis
488 2478 603 2553 primus.
626 2476 754 2552 ‚Reliqui
780 2484 874 2532 tameo
901 2474 985 2532 codd.
1014 2484 1043 2531 et
1069 2472 1134 2531 edd.
1162 2481 1234 2530 rett.
1252 2488 1295 2527 no·

202 2558 279 2609 strae
297 2570 409 2615 omnes:
433 2558 517 2623 conii,
536 2554 588 2610 nisi
606 2550 683 2631 quod
703 2553 778 2610 solus
797 2552 964 2609 Beroensis:
988 2554 1080 2628 capit,
1108 2550 1223 2626 dignam
1241 2530 1305 2605 scd-¹

203 2635 334 2704 pturatn,
359 2644 433 2707 quae
458 2633 617 2690 Bunnaouo
643 2629 725 2686 alicui
750 2638 867 2706 propter
894 2629 1039 2705 sequentia
1068 2626 1201 2705 placeat,
1233 2630 1296 2681 certe

200 2722 260 2763 non
278 2704 429 2781 indignam,
471 2726 523 2764 uae
542 2708 579 2765 ab
596 2707 645 2764 illo
672 2717 863 2766 annotaretur.
902 2705 984 2765 Vers.
1011 2705 1078 2763 533.
1113 2704 1146 2781 ,in
1170 2697 1268 2761 Guelt.
1281 2715 1305 2755 ιι

199 2788 246 2859 pr.
265 2800 322 2840 m.:
341 2781 388 2840 ille
405 2791 438 2841 tu
450 2726 535 2857 delio.

160 2895 167 2907 ,
276 2856 345 2916 535.
384 2878 426 2921 ns
457 2862 612 2919 corrone.
649 2857 684 2919 ds
707 2860 829 2919 comitto
852 2859 928 2919 solus
954 2854 1057 2918 Moret.
1080 2862 1134 2936 p'ro
1166 2871 1229 2912 var.
1251 2869 1295 2910 scr·

200 2950 314 3012 corpore
331 2942 410 2996 tortio
428 2936 485 2994 duo
504 2938 655 2996 Heinsiani.
1223 2936 1234 2957 ⁸
1257 2936 1260 2942 ’

278 3012 346 3070 536.
392 3031 534 3073 rumonus
563 3032 668 3072 soron.
714 3013 747 3072 In
778 3013 916 3091 excerptis
951 3030 987 3070 ex
1017 3020 1112 3070 vetere
1144 3008 1244 3067 codice
1266 3006 1295 3064 ab

201 3082 293 3161 baasi
312 3089 402 3147 Vossii
420 3109 522 3149 ruanu:
541 3093 651 3149 isaacius
676 3108 777 3148 amoos
796 3110 847 3167 pro
867 3090 965 3148 veteris
991 3088 1137 3161 editionis,
1162 3088 1201 3145 ad
1221 3102 1305 3164 quoru

201 3164 291 3222 codex
316 3168 455 3224 manuscri
476 3179 520 3225 tus
545 3169 760 3240 conserebatur,
784 3170 894 3224 iacinctus
921 3170 1030 3239 Hporcu
1058 3175 1107 3223 aut
1124 3181 1178 3243 pro
1203 3158 1305 3221 codicis⁴

198 3242 347 3326 scriptura,
366 3252 418 3302 aut
462 3245 526 3302 ossii
544 3246 703 3303 coniectura
721 3252 884 3301 annotatum
906 3253 977 3301 erat.

276 3336 344 3395 537.
389 3354 603 3414 narransque
636 3346 705 3394 vett.
738 3336 803 3395 edd.
830 3346 860 3394 et
890 3337 1030 3415 plerique
1048 3333 1157 3413 codices
1190 3344 1305 3427 praetem

198 3408 467 3489 Bersmauoianum,
492 3433 549 3473 sec.
573 3415 666 3475 Palat.
689 3414 771 3491 prim.
790 3411 920 3472 Politian.
941 3414 1018 3471 Gall.
1042 3412 1123 3473 Leid.
1143 3421 1300 3489 utrumqueq

198 3487 297 3546 Guelf.
309 3507 327 3546 a
340 3507 378 3546 m.
395 3509 461 3560 sec,
479 3492 544 3552 Rei.
563 3501 593 3551 et
611 3501 668 3548 tres
687 3509 750 3547 cum
770 3489 815 3549 ed.
837 3492 920 3564 Bon,
939 3492 1004 3569 quis
1023 3497 1192 3566 tesmosqoe.
1224 3496 1291 3546 teoc-

196 3582 284 3641 roqtoe
302 3565 399 3625 Gnelt.
419 3585 538 3627 amano
565 3587 611 3647 pr.
650 3575 794 3644 teneroque
817 3565 941 3627 Berolin.
978 3566 1023 3625 laio
1046 3574 1154 3624 lencm
1178 3573 1294 3624 woorm-

113 3715 117 3721 ἡ
197 3659 251 3718 quc
266 3641 306 3700 A.
324 3642 432 3704 Buslid.
470 3642 662 3718 Amaryllidos
681 3654 738 3702 tres
765 3643 924 3718 Heinsiani3
949 3643 987 3701 ita
1014 3642 1130 3702 Ovidius
1156 3644 1183 3700 in
1212 3643 1253 3700 nis
1266 3642 1293 3698 li·

197 3717 266 3793 bris,
284 3738 341 3777 non
367 3720 514 3799 Virgilius,
541 3722 595 3780 rid.
621 3721 754 3797 Wagner.
782 3740 809 3779 r.
829 3719 858 3778 d.
885 3721 922 3778 ed
948 3721 1000 3780 ecl.
1025 3724 1056 3796 3,
1076 3724 1131 3794 123
1151 3724 1200 3779 82.
1240 3723 1293 3796 ipos

197 3794 295 3854 Guell'.
314 3815 331 3853 a
350 3815 434 3856 manu
452 3818 497 3877 pr.
515 3802 605 3877 qoem
624 3804 645 3856 t.
665 3799 704 3857 A.
724 3796 796 3857 ὅάοιιι
814 3798 932 3876 Seguer.

153 3908 158 3917 ,
219 3932 222 3937 ,
273 3872 341 3930 539.
387 3893 522 3934 ecnrrro
554 3892 762 3935 rucesrrruus
796 3893 872 3935 nno.
916 3873 994 3950 fusto
1026 3870 1194 3951 peccavimus
1221 3871 1291 3931 Gall.

194 3952 367 4024 mocimus
390 3952 444 4011 islo
471 3971 566 4011 ornnes
596 3952 658 4010 libri
690 3961 750 4010 tum
773 3953 885 4030 scripti,
913 3962 973 4010 turn
997 3950 1140 4043 impressi,
1176 3951 1292 4029 exceptis

196 4024 1017 4184 tilildil‘il,idiotita'liltl’dltddi
1031 4025 1290 4182 diditi

196 4177 323 4239 Heinsius
342 4183 443 4260 potuit,
463 4182 511 4261 qui
529 4182 624 4261 quanti
642 4125 726 4261 pretd
744 4181 886 4242 Palatinus
905 4190 987 4253 esset,
1005 4180 1129 4241 nondum
1147 4126 1290 4258 sadsqper·
