2650 4700
492 175 543 234 ul)
561 173 652 234 tssttt.
1038 188 1116 266 359

13 381 63 430 ιο
91 361 172 424 side
188 361 319 442 poetica,
343 373 417 437 qnae
444 352 630 436 institissem)
656 361 811 437 nuncupari
837 358 927 435 solet,
956 357 1118 434 Callimurbt

13 456 140 518 reticium
161 454 323 528 tuebantur,
342 452 429 525 il'am,
450 452 474 510 si
493 450 577 512 modu
597 462 674 513 recte
703 453 894 526 factitaretur,
923 461 1043 536 tempori
1068 478 1119 522 son

13 547 312 618 cmmodatimimsm,
338 545 425 604 veteri
449 546 550 605 rationi
578 547 671 606 locum
698 566 753 605 non
778 548 832 604 iam
858 568 939 606 esse:
967 551 1033 609 nibil
1052 573 1119 633 pro.

13 651 73 700 eto
106 641 302 700 Romanorum
326 639 364 699 illi
392 639 477 697 aetati
502 638 576 698 inter
603 649 753 717 utrumque
781 640 983 698 triumvirorum
1011 663 1114 705 cuore.

13 736 123 796 entius
145 752 208 794 csse
226 735 328 811 potuit,
347 748 405 811 qua
430 730 640 806 recitationum,
670 733 717 810 qui
743 733 798 791 iam
825 728 891 792 olim
918 733 1026 810 suerat,
1055 759 1115 800 mos

12 828 127 900 maluit,
147 827 351 886 commissiones
367 832 399 883 et
418 823 535 901 collegia
554 835 701 902 poetarum
721 835 822 884 novata
841 835 916 887 suut.

12 970 13 973 ,
73 920 154 980 Utut
171 919 220 979 illa
238 931 314 994 suot,
331 918 385 979 boc
403 917 499 994 negari
518 936 601 995 posse
620 937 677 978 non
696 919 821 993 videtur,
847 930 944 997 poetas
970 920 1111 984 Romanos

12 1016 71 1074 oca
93 1008 225 1070 seculum
245 1014 327 1073 Urbis
351 1020 480 1070 octavum
499 1008 528 1067 iu
552 1011 690 1069 imitandis
716 1014 881 1091 plerumque
907 1014 1109 1092 Alexandrinis,

12 1107 36 1166 el
59 1103 245 1164 Antisthenis
264 1104 395 1184 exemplis
414 1106 477 1160 ea'm
497 1104 632 1163 rationem
660 1106 787 1180 inivisse,
814 1124 887 1184 quae
914 1107 1038 1183 opinioni
1057 1130 1108 1168 no-

12 1215 69 1262 trae
91 1200 131 1257 de
151 1198 336 1276 grammaticis
354 1216 411 1256 non
440 1195 613 1256 adversetur.
650 1197 774 1258 Primum
799 1199 872 1255 eninr
899 1196 1027 1258 Graecos
1046 1222 1106 1262 rer-

12 1294 82 1352 rndo
103 1311 205 1351 eornm
224 1291 339 1349 artificio
356 1299 549 1364 assuererunt,
575 1311 640 1350 mox
665 1292 762 1352 imitati
790 1300 873 1364 sunt,
899 1302 1041 1369 postremo
1061 1296 1108 1354 tn

12 1389 130 1448 eissirne
148 1384 290 1444 aemulati.
328 1382 413 1454 Quod
432 1381 468 1441 ad
487 1384 606 1461 primum
626 1385 702 1443 illum
721 1386 839 1463 gradmu
865 1386 980 1456 attinet,
1007 1389 1106 1452 mirum

11 1501 52 1540 on
83 1489 174 1554 esset,
194 1480 223 1537 si
246 1476 385 1556 pleraque
409 1478 468 1535 eius
493 1477 603 1554 generis
628 1475 712 1536 bodie
737 1478 889 1557 ignoranda
916 1490 1018 1538 esseut.
1061 1483 1108 1539 Do

10 1574 111 1643 letullo
139 1580 170 1629 et
193 1570 227 1629 P.
253 1570 381 1629 Varrone
405 1580 499 1630 tamen
524 1570 590 1627 satis
615 1581 741 1633 constat:
768 1575 815 1650 qui
842 1591 903 1628 rum
932 1583 1024 1629 aetate
1050 1594 1128 1650 non,

10 1665 151 1726 dmodum
170 1663 270 1721 direru
288 1662 402 1738 luerint,
421 1664 468 1722 ille
489 1675 582 1722 tamen
601 1682 700 1722 uorem
725 1668 805 1723 aunis
830 1676 896 1722 aute
919 1676 1043 1722 mortuus
1062 1666 1104 1724 di-

10 1761 76 1835 itur,
96 1776 187 1837 quarn
195 1755 251 1907 ime
270 1757 395 1814 Graecas
415 1757 521 1814 litteras
547 1755 686 1830 disceret,
705 1778 742 1814 ex
761 1757 920 1831 Hieronymi
948 1760 1105 1816 testimonio

10 1851 159 1912 tEusebii
180 1851 322 1909 cronicis.
361 1850 403 1909 Ut
421 1850 493 1908 iuter
512 1866 566 1923 ea,
593 1867 667 1928 quae
694 1861 811 1932 uterque
831 1871 848 1909 e
868 1848 984 1908 Graecis
1003 1849 1104 1910 Latina

10 1946 71 2017 ecit,
90 1947 215 2003 sonasee
234 1944 326 2003 media
343 1943 465 2017 suerint,
493 1960 567 2020 quae
585 1943 619 2000 C.
638 1943 787 2001 Cornelius
813 1943 914 2003 Gallus
933 1963 967 1999 ex
986 1944 1104 2021 Eupho·

10 2041 72 2098 ione
90 2037 243 2097 transtulit
268 2041 297 2096 ia
322 2055 474 2096 seratorrens
498 2038 651 2110 Lulirrrua,
678 2047 750 2095 teste
775 2037 872 2095 Servio
892 2036 927 2095 ad
949 2035 1028 2115 Virg.
1050 2037 1102 2094 ecl.

10 2138 100 2209 l,72:
122 2131 259 2209 siquidem
278 2131 386 2190 diversa
406 2130 573 2189 caluerunt
592 2130 628 2186 ab
655 2131 752 2207 elegis,
771 2140 801 2188 et
818 2131 929 2207 priora,
957 2132 996 2188 uti
1024 2132 1105 2189 ride-

10 2247 48 2305 nr,
70 2229 139 2300 illis,
158 2226 187 2282 in
207 2225 306 2302 quibus
324 2244 381 2282 nou
402 2224 451 2282 nisi
470 2224 542 2281 illius
566 2241 719 2282 sermonem
742 2231 853 2283 seculus
878 2223 967 2282 eidem
993 2223 1104 2299 dicitur,

10 2332 115 2401 tquos
135 2319 250 2398 qnando
268 2318 386 2397 scriptos
405 2318 517 2398 quidam
538 2327 648 2396 putent,
667 2337 753 2396 supra
772 2318 934 2378 notavimus.

11 2471 12 2474 ,
67 2414 204 2475 Catullus
222 2414 306 2490 igitur
323 2414 428 2491 aliquot
446 2431 483 2470 ex
508 2411 699 2469 Alexandrinis
725 2412 832 2488 poetis,
851 2420 880 2469 et
898 2413 999 2491 partim
1019 2431 1037 2469 e
1057 2432 1103 2469 re·

10 2510 73 2588 tigio
94 2507 212 2586 quidem
230 2517 343 2564 secutus
362 2514 413 2562 est.
453 2502 497 2560 De
522 2500 613 2579 elegia
632 2504 660 2562 in
682 2521 789 2560 comam
814 2503 963 2561 Berenices
989 2505 1056 2561 satis
1074 2503 1104 2561 id

10 2614 92 2662 totum
120 2611 153 2660 et
177 2618 193 2658 e
218 2597 379 2674 fragmentis
413 2595 605 2654 Callimacbeis
632 2616 650 2652 a
675 2595 860 2653 Valckenarlo
893 2600 1103 2675 cornprobatum

10 2710 46 2756 st.
84 2698 147 2754 Aut
167 2692 203 2751 de
221 2692 309 2766 lbide,
329 2700 378 2749 aut
396 2690 433 2748 de
451 2691 511 2746 aliis
537 2687 679 2765 Cyrenaei
705 2688 872 2747 carminibus
896 2689 981 2769 ipsius
1000 2690 1103 2749 Catulli

10 2791 186 2851 tetimonium
204 2788 232 2844 in
253 2786 347 2843 ultiroo
367 2785 566 2863 epigrammate
585 2791 675 2845 extat.
716 2782 811 2842 Aede
831 2782 884 2858 his,
905 2784 944 2842 uti
963 2784 1046 2845 etiam
1065 2782 1103 2843 ds

10 2887 55 2961 llis,
79 2901 208 2971 quorum
231 2879 335 2936 Plinius
361 2879 484 2936 meminit
509 2889 566 2934 nat.
594 2875 658 2934 bist.
678 2878 728 2951 28,
748 2882 778 2950 2,
801 2878 836 2935 4:
863 2881 937 2936 Hinc
966 2877 1106 2939 lbeooriti

11 2980 67 3057 tprd
92 2981 231 3047 &aaron
253 2970 356 3031 Catulli
374 2964 450 3049 opud
473 2990 525 3029 nos
547 2973 725 3047 pessimeque
755 2969 865 3045 Vrrpilii
884 2973 1104 3033 interammense-

10 3091 55 3132 nnr
73 3071 223 3132 amatoria
246 3067 383 3139 imitatio,
409 3067 437 3122 T
439 3065 591 3123 beorritum
611 3082 629 3121 a
648 3062 759 3121 Catullo
786 3081 947 3143 expressum
970 3063 1104 3133 indicans,

10 3178 134 3226 ncertum
157 3160 242 3218 videri
267 3159 372 3237 possit,
399 3174 482 3236 quam
509 3159 589 3216 anxie
618 3159 729 3215 Graeca
756 3156 864 3216 reddita
892 3156 1005 3216 luerint.
1046 3152 1105 3213 sed

10 3278 114 3320 ermen
140 3255 179 3314 de
206 3255 308 3332 nuptiis
334 3251 412 3310 Pelei
430 3265 459 3309 et
478 3250 606 3309 'l'betidis
632 3251 740 3325 babeo,
771 3269 822 3307 cur
848 3251 914 3306 satis
939 3255 1106 3308 accuratae

10 3356 113 3413 &raeco
131 3367 295 3407 conversum
315 3356 445 3404 statuam.
484 3345 529 3403 De
546 3346 681 3404 sermonis
699 3343 793 3402 indole
818 3360 891 3421 quae
913 3343 1033 3401 breviter
1052 3339 1110 3399 dici
1179 3382 1182 3389 ⁴

10 3464 51 3506 ron
69 3454 206 3526 possent,
225 3442 294 3500 nilril
312 3441 481 3518 probarent,
509 3439 561 3497 nisi
585 3438 662 3516 quod
689 3456 771 3495 nemo
799 3436 859 3496 sere
885 3445 940 3511 est,
955 3434 1021 3513 quin
1039 3453 1108 3493 con·

10 3540 94 3614 edat,
116 3537 286 3614 graecissare
304 3533 382 3593 illud.
420 3531 451 3589 Si
471 3533 531 3609 quis
551 3532 602 3590 sibi
627 3529 810 3611 persuaderet
835 3529 904 3589 illud
932 3548 1043 3589 carmen
1063 3547 1109 3587 re·

10 3634 95 3692 lcturn
117 3648 181 3688 esse
202 3630 316 3699 nobise
335 3628 419 3702 longo
439 3627 543 3683 maiore
562 3643 692 3706 corpore,
713 3623 787 3706 quod
809 3624 935 3683 Catullus
953 3624 1014 3700 ipse
1033 3640 1108 3683 corn·

10 3727 129 3800 posuerit
150 3736 178 3781 et
197 3723 326 3796 ediderit,
345 3720 445 3793 refelli,
471 3729 559 3795 puto,
587 3738 679 3797 neque
706 3727 869 3792 mereretur,
888 3735 979 3795 nequo
1004 3724 1110 3798 posset.
1166 3766 1168 3771 ,

10 3817 54 3876 iel
76 3819 121 3877 sic
142 3827 237 3874 tamen
257 3814 467 3886 concederetur,
488 3823 617 3890 oportet,
641 3813 708 3869 illud
735 3811 822 3869 maius
848 3830 921 3893 opus
945 3809 1110 3869 adornatum

10 3913 86 3973 luisse
107 3910 358 3970 Alexandrinorum
377 3905 470 3965 modo.
509 3906 610 3963 Nescio
637 3906 722 3972 enim,
742 3922 778 3961 an
800 3904 838 3961 illi
857 3905 1027 3983 potissimum
1048 3918 1110 3959 car·

10 4010 75 4068 mina
97 4004 235 4066 eiusmodi
253 4001 437 4073 condiderint,
455 3999 554 4077 quibus
574 4000 648 4057 velut
675 4000 703 4055 iu
724 3998 871 4076 Mopsopia
892 4009 920 4055 et
940 3994 1111 4055 Clriliadibus

10 4102 214 4185 Euphorionis,
237 4087 448 4174 ‘Ertporninto'r
474 4090 623 4168 Nicandri,
659 4082 932 4168 Metopoppoiseor
960 4088 1113 4175 Parthenii,
