2650 4700
284 133 485 206 totsrtvtt
503 137 583 208 utu.
602 139 652 202 ill.
672 138 733 203 ut.
755 141 804 207 tx.
1019 160 1093 238 19³

32 307 188 436 pmqoid
213 321 304 429 agit
327 331 480 429 qaaerit,
504 328 587 406 dum
612 336 741 407 versat
765 331 801 407 iu
828 337 1092 443 omuiavultus,

59 431 267 508 tenattem
293 456 385 508 oasa
409 432 543 508 lumina
566 433 666 509 flexa
691 433 781 509 tulit.
1027 479 1034 488 ·

32 531 108 611 Urius
128 543 165 609 ut
188 534 315 612 oblata
342 544 400 612 est
423 538 651 636 praesentia:
671 539 836 631 vicimus,
859 539 992 645 inquitr
1037 527 1041 546 ³

58 638 112 713 llio
134 636 211 712 nihi
235 644 354 714 morte
379 663 448 714 sua
471 662 605 715 caussa
627 638 755 714 salutis
779 644 858 717 erit.

32 733 154 814 Protinus
177 742 297 839 ignari
323 764 393 818 neo
418 741 608 841 quidquam
631 742 706 818 tale
730 744 887 822 timentia
1103 788 1141 846 2⁵

57 842 225 917 innocuum
249 842 373 941 rigido
396 844 559 943 perforat
579 868 671 921 ense
696 843 804 920 latus.

32 935 111 1039 itque
132 947 179 1022 ita
202 944 359 1036 divellit,
383 945 598 1045 divulsaque
623 947 781 1023 membra
804 970 873 1049 per
892 963 1008 1052 agros

61 1047 256 1147 Dissipatlin
281 1046 402 1124 multis
427 1049 648 1127 invenienda
675 1049 778 1126 loeis.

32 1146 84 1221 Neu
103 1159 197 1247 pater
220 1152 381 1250 ignoret,
405 1151 558 1254 scopulo
582 1156 752 1254 proponit
775 1154 812 1225 in
841 1149 917 1229 alto

57 1249 290 1351 Pallentesque
316 1278 442 1329 manus
467 1258 772 1355 sanguineumque
798 1263 925 1354 eaputz
1065 1251 1067 1258 '
1101 1298 1145 1354 30

32 1344 61 1422 lt
76 1358 199 1449 genitor
220 1355 396 1455 luotaque
420 1381 520 1435 novo
546 1357 718 1451 tardetur,v
744 1364 783 1433 et
807 1367 908 1432 artus

33 1431 34 1470 ¹
59 1452 129 1532 lium
145 1456 234 1559 legit
259 1461 464 1537 exstinctos
488 1463 595 1538 triste
616 1459 778 1539 retardet
801 1462 882 1535 iter.

239 1634 292 1690 23.
333 1629 477 1692 vincimus.
554 1635 602 1691 32.
621 1639 748 1690 moretur
765 1628 827 1692 iter.

32 1773 74 1856 liet.
85 1787 109 1859 ²,
124 1787 193 1847 140:
212 1790 290 1851 oriar
307 1796 453 1870 utromque
470 1800 546 1850 tene.
565 1790 604 1849 ib.
626 1794 676 1867 13,
692 1791 771 1850 721:
797 1786 984 1869 siutolotoqor
1004 1794 1093 1854 Troia

32 1860 110 1918 tuear.
142 1865 221 1926 Vers.
241 1887 306 1946 seq.
345 1868 411 1944 donq
430 1872 513 1928 vortit
530 1868 649 1945 Seguer.

32 1940 114 2081 qutun·
154 1959 271 2002 rursu.
319 1962 401 2004 uerso
430 1945 551 2005 Palatin.
580 1943 661 2023 prim.
694 1942 776 2003 Leid.
798 1943 881 2023 prim.
913 1943 1034 2005 Reland.
1063 1955 1093 2007 et

87 2032 118 2073 or.

79 2093 114 2148 ²3.
147 2111 299 2159 victuros.
341 2100 484 2158 l'inoimus
508 2097 639 2156 meliores
666 2097 772 2157 habere
797 2096 864 2155 dicit
888 2095 1029 2172 Heinsius,
1056 2097 1093 2157 de

34 2173 103 2232 quare
117 2171 176 2229 mihi
194 2194 252 2234 non
275 2176 378 2253 liquet:
399 2176 518 2235 Putean.
537 2175 614 2234 Gall.
635 2175 708 2235 Mor.
727 2176 805 2233 Busl.
823 2176 889 2240 Jun.
908 2173 988 2232 Leid.
1007 2175 1089 2253 prim.

33 2245 239 2313 etquatuordectm
259 2254 332 2310 illius
357 2253 439 2327 libri,
465 2252 551 2309 Bern.
572 2253 637 2310 Rei.
664 2250 760 2310 Berol.
787 2252 869 2309 Creu.
889 2268 923 2308 ex
942 2255 1043 2324 nostris
1062 2251 1091 2310 id

56 2312 144 2405 btbtom
161 2325 253 2389 Palat.
275 2331 357 2407 prim.
369 2327 514 2388 Guelferb.
532 2328 666 2388 Francos.
688 2339 717 2388 et
736 2325 834 2406 reliqui
854 2346 917 2385 curn
937 2338 1004 2387 vett.
1025 2328 1091 2387 edd.

33 2394 118 2479 ⁰fflfl¹but
133 2402 167 2473 id,
187 2407 265 2481 quod
286 2407 457 2464 retinuimus.
496 2406 572 2463 Nam
592 2426 664 2484 quae
684 2425 728 2463 res
740 2406 847 2462 Heinsii
868 2406 967 2462 iudicio
986 2406 1117 2478 savenq·
1201 2422 1202 2425 ’

32 2458 75 2522 ¹²⁰⁸
87 2473 223 2550 elegantiae
243 2485 352 2560 species
371 2493 399 2540 et
411 2483 494 2561 ‘quod
513 2484 606 2540 littera
624 2501 645 2540 o
665 2501 717 2560 per
735 2498 858 2538 errorem
876 2481 983 2537 facilius
1004 2485 1093 2539 ornitti

33 2554 87 2612 liam
110 2553 167 2614 eddi
185 2559 340 2632 uideatur,
368 2560 412 2616 rix
440 2560 510 2617 tanti
535 2570 617 2633 sont,
645 2578 679 2616 ac
701 2577 749 2615 sex
775 2558 892 2629 ¹aliorum
918 2554 1013 2613 Ovidii
1030 2575 1092 2613 rer·

32 2630 82 2676 num
96 2633 222 2708 exempta,
242 2637 272 2694 in
293 2638 392 2714 quibus
411 2636 531 2694 editores
549 2646 674 2692 veterum
700 2634 833 2692 librorum
860 2632 1092 2691 observantissimi

32 2694 142 2764 odedum
158 2713 329 2789 maluerunt.
366 2713 448 2770 Vers.
469 2713 519 2775 25.
556 2712 646 2788 quoti
666 2744 704 2758 -·
723 2711 826 2769 timetis
845 2708 935 2768 Palat.
956 2712 1037 2786 prim.

52 2794 114 2874 ,²9·
155 2819 301 2862 sooruuo
322 2823 487 2864 rnororrrr
514 2824 552 2863 nr
578 2822 679 2862 auro.
727 2799 833 2869 tumulo
858 2822 938 2881 prop.
970 2802 1090 2862 Palatia.

32 2872 120 2988 pidet
136 2874 198 2951 duo,
224 2900 261 2940 ex
280 2902 306 2941 r.
327 2888 393 2955 ll„
419 2884 461 2940 uti
488 2891 517 2940 et
542 2880 576 2939 ob
601 2881 660 2939 olio
685 2882 750 2938 Jun.
777 2881 841 2937 Rel.
881 2879 1003 2956 disperii
1028 2899 1089 2939 exo.
1158 2898 1160 2903 ·

46 2944 164 3015 ⁰⁸&Leid
188 2959 275 3034 prim.
311 2962 457 3035 praeponit
483 2957 577 3019 Palat.
601 2976 657 3015 sec.
684 2957 771 3014 Bern.
791 2966 821 3014 et
839 2955 905 3014 dno.
949 2954 1092 3033 suspendii

32 3025 81 3074 ⁰⁰⁰⁸·
113 3026 185 3090 Vere.
211 3054 273 3111 seq.
312 3039 531 3111 Easoopuosqoe
555 3050 658 3092 urorum
684 3053 755 3090 unus
775 3030 888 3089 Heinsii.
935 3033 1016 3095 Vers.
1041 3035 1091 3088 31.

32 3081 117 3239 mm
130 3123 179 3195 tuo
196 3109 320 3169 Relands
342 3131 396 3189 pro
415 3131 442 3170 r.
460 3128 527 3170 scr.
553 3127 628 3170 nouo
654 3109 747 3168 tardat
764 3115 792 3166 al
808 3109 900 3166 Palat.
929 3110 1011 3187 prim.
1033 3127 1090 3167 uno

94 3195 194 3247 omaso,
428 3205 429 3211 .
875 3196 877 3199 ·

76 3253 113 3309 3²·
146 3279 220 3321 num
246 3281 345 3322 nrorr
371 3281 442 3326 ero.
491 3268 566 3323 Dona
590 3262 660 3338 lepor
684 3261 775 3322 Pelet.
803 3261 885 3340 prim.
911 3260 986 3337 Reg.
1011 3260 1091 3321 Gall.

32 3308 75 3376 ii⁰1·
89 3326 156 3390 Busl.
175 3349 205 3397 et
223 3352 345 3417 quatuor
363 3341 485 3416 Heinsii;
513 3341 588 3417 lepizi
612 3339 693 3399 Leid.
723 3341 805 3417 prim.
830 3338 919 3396 Bern.
945 3338 1040 3398 Berol.
1060 3344 1093 3397 et

32 3394 70 3451 Μ·
98 3410 316 3476 lidemonium
341 3418 394 3475 iter
418 3419 509 3478 Vatie.
537 3419 619 3496 prim.
644 3416 727 3474 Polit.
754 3417 836 3492 prim.
863 3415 954 3473 Palat.
982 3433 1039 3472 sec.
1060 3424 1093 3472 et

32 3462 63 3525 ⁸¹¹⁰
76 3475 175 3564 Heinsii,
193 3493 285 3550 nullus
304 3504 468 3571 praeterea,
495 3513 531 3552 ne
554 3493 702 3551 Guelferb.
728 3490 851 3569 quidem.
888 3488 1015 3549 retardat
1032 3490 1092 3549 Pu·
1228 3560 1232 3571 Ι

32 3544 163 3642 laudati.
189 3569 280 3642 illud,
305 3571 380 3647 quod
408 3570 538 3631 Heinsius
563 3571 623 3628 sine
649 3567 831 3626 haesitatione
856 3568 1091 3644 pigneratusest,
1118 3600 1125 3615 ·

32 3631 64 3677 ⁰⁰⁰
77 3648 125 3692 ⁸¹³0
146 3640 326 3703 haesitatione
355 3643 418 3703 loco
445 3649 598 3720 movimus,
628 3644 670 3702 his
693 3654 786 3702 tamen
811 3645 990 3719 argumentis.
1029 3644 1093 3702 Pri·
1198 3662 1203 3669 ‘

32 3706 86 3795 “ming
106 3716 165 3788 quia
181 3718 295 3779 Danaos
323 3722 450 3780 timemus
470 3734 499 3780 et
517 3724 593 3780 dona
616 3722 750 3779 ferentes.
788 3718 916 3794 Deinde,
944 3722 1010 3797 qnia
1029 3740 1095 3780 mo-
1125 3790 1126 3793 Ἴ

32 3782 122 3854 'intio
136 3792 170 3851 de
189 3816 223 3855 eo
243 3798 357 3872 dietum,
377 3798 425 3876 qai
443 3801 496 3857 iter
506 3796 609 3873 differt,
629 3797 798 3855 Ovidiannm
820 3815 955 3854 essenon
976 3796 1095 3867 videtur,

32 3859 117 3973 {mido
133 3866 259 3932 hunum
278 3885 335 3932 est:
355 3876 456 3933 dicitur
474 3893 518 3933 res
538 3894 597 3933 rem
618 3875 738 3946 morari,
766 3892 810 3930 res
829 3873 986 3944 hominem,
1006 3874 1091 3931 horno

32 3938 146 4031 putrem,
171 3948 254 4008 horno
278 3952 410 4028 seipsum,
439 3954 499 4009 Art.
526 3970 581 4009 am.
602 3957 634 4024 2,
658 3953 739 4022 690„
758 3949 842 4006 horno
868 3968 939 4025 rem,
965 3949 1016 4008 sed
1035 3969 1094 4009 non

32 4015 83 4077 am,
105 4034 181 4104 qnam
205 4028 273 4104 agit,
299 4029 349 4086 nisi
377 4026 472 4086 addito
504 4027 639 4086 infinitivo
667 4028 761 4099 rerbi,
789 4045 864 4097 non,
894 4026 972 4103 quod
996 4027 1094 4100 sciata,

32 4085 145 4156 ‘litterato
171 4104 296 4166 nominis.
348 4105 458 4175 Quodsi
484 4104 538 4165 hoe
564 4106 592 4163 in
620 4105 684 4163 loco
714 4106 767 4163 iter
792 4107 920 4162 moratur
955 4103 1094 4180 intelligas
1128 4134 1135 4151 κ

794 4228 837 4293 13
