2650 4700
208 239 284 342 ιιι
590 271 592 275 .
654 235 852 304 ruonnsro

284 425 347 482 Huc
364 422 504 502 pertinent
522 422 605 482 etiarn
629 421 767 481 Heroides
788 419 879 485 Ovidii
899 433 938 500 et,
965 423 1097 503 quicum
1114 407 1315 507 imitatore&

207 516 316 577 Sabini.
352 514 414 574 Eae
440 517 532 574 sintne
557 517 594 574 ab
620 515 669 573 illo
694 516 814 573 omniurn
841 514 930 593 primo
957 515 1039 574 scobi
1064 527 1201 596 coeptae,
1228 513 1315 599 penul

208 611 301 670 dicere
321 608 429 667 videtur
447 618 506 668 Art.
527 627 581 667 am.
601 612 631 684 3,
651 610 732 682 346,
752 628 787 666 an
807 608 882 685 apud
902 609 1044 667 Romanos
1072 618 1194 687 tantum,
1216 603 1315 693 quaeri

207 703 300 763 video.
337 701 437 760 Solent
455 703 483 759 iu
503 701 555 759 hoc
572 719 677 778 genere
696 702 828 779 quiddam
848 701 899 759 sibi
925 702 1086 780 permittere
1103 704 1228 764 Romani
1245 725 1315 786 poe-

208 805 265 855 tae.
304 793 362 852 Sed
381 803 522 871 utcunque
541 793 593 851 hoc
613 805 667 873 est,
688 797 844 872 negaverim
864 794 969 855 scholia
988 795 1315 860 coddv'votonet'rret

206 888 337 947 virensis:
367 887 483 946 Ouidius
501 887 633 965 epistolas
659 887 726 947 ilina
745 889 780 947 ob
799 888 890 949 nundin
909 896 991 965 poeto
1011 892 1118 949 &unco
1139 895 1315 972 conscripti

206 982 238 1041 iis
262 983 398 1039 Latinum
423 983 546 1053 amnuit,
572 988 617 1039 et:
650 982 681 1038 in
708 999 761 1057 quo
790 999 870 1058 opero
898 983 1026 1040 inritatur
1051 990 1093 1040 ost
1116 983 1263 1057 ysidorum
1290 991 1315 1046 sl

207 1081 331 1134 othnam
357 1077 491 1151 pontoium
517 1073 693 1138 emendanda
718 1075 756 1132 itu
784 1092 864 1147 erse,
891 1075 930 1133 uti
954 1075 1126 1134 doctissimus
1148 1077 1315 1139 Lernaeam

148 1175 159 1198 t
204 1178 309 1246 putate
334 1169 405 1225 αδ.
427 1167 533 1245 clodio,
553 1177 582 1225 et
601 1167 728 1244 intelligit
752 1167 861 1225 sahnlas
880 1187 898 1226 a
916 1168 1019 1226 celebri
1045 1171 1229 1245 grammatico
1246 1169 1315 1230 ort«

206 1259 253 1318 dio
274 1260 481 1339 suppeditatas,
494 1289 497 1296 ·
509 1260 550 1316 uti
571 1277 589 1317 a
607 1259 758 1320 Parthenio
777 1261 871 1319 Gallo.
909 1260 1015 1318 Verum
1042 1262 1094 1319 iste
1117 1282 1181 1322 mos
1206 1261 1315 1323 etiami

205 1352 298 1414 Ovidii
319 1364 445 1433 tempore
463 1352 555 1411 adhuc
573 1352 667 1428 fuerit,
690 1373 760 1432 opus
779 1354 871 1431 ipsum
890 1372 1028 1431 nusquam
1057 1354 1114 1412 tale
1139 1351 1315 1431 gammo&

204 1447 338 1504 auxilium
365 1445 499 1505 testatur:
526 1445 593 1504 uihil
619 1447 680 1505 sere
706 1448 789 1525 paulo
815 1446 922 1505 doctius
947 1447 1078 1505 continet.
1122 1446 1241 1507 Scholia
1263 1449 1315 1524 iud

203 1536 324 1595 fortasse
343 1558 435 1616 nugae
452 1548 535 1613 suut3
561 1557 626 1597 nam
647 1539 683 1598 de
702 1540 817 1598 Hesiodi
836 1532 972 1615 Ἠοίαις,
998 1541 1043 1597 vel
1062 1538 1100 1598 de
1118 1538 1220 1598 Alaun
1239 1531 1315 1621 pood

203 1630 268 1702 tria,
288 1630 325 1689 de
343 1651 400 1711 qua
418 1632 593 1692 Weichertus
612 1631 648 1690 de
667 1632 754 1690 Vario
772 1653 802 1711 p.
821 1634 869 1691 85.
890 1652 946 1710 sq,
964 1631 1009 1689 vix
1029 1631 1208 1707 cogitandum
1230 1631 1315 1711 potori

202 1719 281 1783 Illud
301 1734 393 1783 tamen
411 1734 517 1784 certum
537 1733 595 1798 est,
626 1721 702 1781 nullo
729 1727 857 1803 exemplo
884 1735 942 1782 tam
966 1741 1039 1802 qnae
1058 1743 1145 1801 snpra
1169 1728 1315 1803 pnsum

201 1811 351 1894 illustrari,
376 1838 459 1896 quam
486 1817 608 1895 epistolis
632 1817 694 1875 illis.
736 1821 934 1894 Argumentum
959 1820 1050 1897 ipsum
1076 1827 1107 1876 et
1125 1816 1204 1876 ratiu'
1217 1819 1315 1898 operht

99 1974 102 1978 ,
201 1907 302 1988 procul
337 1910 422 1969 dnbio
455 1910 644 1969 Alexandrinis
678 1911 805 1969 debetur.
854 1911 899 1970 Illi
923 1910 1093 1988 potissimum
1125 1897 1315 1987 mythiouruni

108 2009 111 2012 ‘
201 2006 282 2083 quasi
313 2023 495 2083 personarum
522 2001 632 2061 fabulas
665 2005 823 2100 singulatim
855 2003 994 2083 persecuti
1017 2011 1092 2060 sunt.
1138 2001 1315 2064 Theocritutl

201 2114 269 2154 vero
288 2096 360 2158 adeo
385 2097 515 2155 hernioso
539 2098 649 2174 scripsit
674 2107 745 2155 teste
772 2098 869 2157 Suida.
904 2097 980 2153 Hinc
1005 2094 1130 2153 nonnihil
1154 2096 1219 2155 de
1210 2097 1315 2157 ιιικιίιι

200 2181 298 2267 p'tione
317 2190 363 2247 illa
382 2190 513 2263 discitur,
540 2190 668 2247 nimirum
694 2189 769 2248 haud
794 2202 872 2250 recte
897 2192 968 2248 rinos
996 2188 1168 2266 perductos,
1193 2192 1244 2268 qui

167 2273 172 2288 '
201 2282 324 2340 carmina
343 2282 527 2357 ediderunt,
519 2290 557 2338 sta
576 2284 713 2341 scribere:
739 2287 893 2342 ourutinnun
909 2299 1014 2359 ιιιιιιιι,
1033 2285 1078 2340 otri
1097 2282 1191 2339 herois
1208 2300 1229 2340 ιι

199 2383 251 2452 ast,
270 2385 368 2437 auctor
385 2385 412 2436 ci
429 2381 555 2436 inuentor
577 2375 741 2452 heroidum,
766 2376 895 2435 heroidas
913 2395 929 2434 c
950 2380 1065 2437 (ὶιιωιίι
1088 2375 1218 2450 fontibus
1254 2415 1255 2424 ι
1278 2417 1280 2424 ι

199 2489 293 2530 nosse.
330 2472 439 2531 Deinde
458 2490 524 2530 vero
542 2469 661 2529 formam
681 2470 857 2550 epistolarem
876 2469 1019 2529 rhetorum
1038 2469 1139 2527 scholis
1159 2469 1259 2528 deberi
1283 2496 1310 2518 ι·-

198 2555 374 2639 ἦθιιιοιιῶν
399 2567 535 2623 rationem
560 2563 667 2623 referre
689 2573 755 2642 post
779 2560 940 2623 Bentleium
963 2563 1114 2622 rectissime
1138 2561 1200 2621 Leu
1254 2591 1281 2614 ι,Ὶ

198 2661 323 2733 notavit3
349 2650 536 2717 elocutionem
553 2674 621 2716 rero
640 2658 730 2736 ipsam
749 2654 948 2765 declamatorio
973 2673 1089 2771 prorsus
1114 2673 1195 2715 more
1224 2657 1281 2716 la«

196 2749 264 2808 niani
282 2768 365 2809 nemo
383 2753 503 2826 ignorat.

275 2845 318 2900 Ab
337 2843 422 2922 elegis
439 2841 600 2902 devenimus
620 2842 656 2901 ad
676 2861 721 2919 ea,
750 2861 823 2921 quae
849 2840 943 2900 herois
966 2840 1070 2918 scripto
1096 2851 1173 2901 sunt.
1213 2840 1274 2900 A..

196 2930 249 2991 lius
268 2932 404 2995 Macer
382 2956 405 2994 ιι
424 2946 488 3014 post
506 2936 650 3013 Virgilium
675 2937 846 2995 Nicandrum
872 2936 972 3005 vertit,
1000 2934 1083 3011 quod
1097 2953 1114 2993 e
1132 2937 1203 2995 locis
1230 2945 1264 2987 '-

196 3022 234 3083 ad
259 3026 340 3106 Virg.
366 3030 454 3090 ecl.
439 3051 469 3106 o,
490 3036 517 3089 ι.
565 3028 686 3100 Quintil.
715 3036 767 3106 12,
797 3035 853 3105 11,
877 3033 927 3090 27.
954 3035 983 3085 et
1009 3026 1102 3086 Ovidii
1127 3030 1236 3105 ΤΗ,
1278 3044 1282 3076 t

195 3120 244 3186 43,-
263 3140 305 3201 sq.
326 3125 469 3182 nonsatis
494 3125 600 3199 claret,
626 3124 781 3182 vetustioris
809 3123 894 3180 moris
920 3121 1077 3198 exemplum
1104 3131 1159 3179 est.
1198 3122 1239 3180 V·

77 3248 80 3251 ·
195 3216 268 3270 enim
296 3216 354 3274 eius
378 3217 524 3276 duodecim
548 3236 566 3277 e
589 3217 736 3276 Theriacis
762 3225 792 3274 et
813 3212 1034 3290 Ornithngnuia,
1062 3233 1134 3291 qrrcs
1162 3214 1226 3274 Cha
1256 3245 1281 3266 ι

195 3300 226 3361 e't
238 3302 530 3385 tsdorns‘sovarunu
548 3312 649 3389 partim
669 3310 811 3368 sollicitam
831 3307 1098 3393 interpretationem,
1120 3310 1230 3386 partim
1256 3337 1281 3359 ω·

195 3395 263 3474 lem,
291 3406 414 3477 quamvis
433 3396 535 3484 purum
559 3422 718 3463 sermonem
737 3399 897 3460 ostendunt.
945 3400 999 3457 Gni
1013 3400 1051 3459 in
1078 3403 1128 3475 iis,
1166 3420 1246 3478 qssae
1269 3427 1280 3446 ι

195 3486 304 3551 dactica
322 3507 467 3573 vocantur,
493 3517 549 3555 uon
570 3498 621 3555 nisi
641 3495 782 3566 Ovidium,
809 3492 975 3550 simillimum
1000 3511 1114 3570 qnoque
1132 3494 1173 3552 ilii
1192 3497 1227 3554 in
1252 3527 1274 3550 o.

194 3580 332 3645 dicamine
348 3589 430 3649 faciei
449 3600 478 3649 et
497 3589 667 3664 Halieuticis,
694 3589 717 3646 si
735 3587 782 3645 rlla
803 3590 922 3661 restant,
951 3584 1135 3663 adiungimus,
1157 3587 1197 3646 de
1216 3608 1275 3670 pa·

192 3677 341 3740 acrioribus
359 3693 459 3762 postea
484 3681 659 3760 disputaturi.
698 3679 787 3738 Nihil
801 3688 894 3739 tamen
920 3678 1019 3735 attinet
1049 3681 1227 3742 verbosiores
1253 3711 1259 3730 ι

193 3769 223 3828 in
242 3790 274 3831 re
291 3778 393 3853 partim
413 3776 561 3846 notissima,
579 3774 682 3853 partim
708 3791 764 3831 non
790 3774 845 3831 hoo
867 3773 931 3830 loco
957 3771 1142 3847 occupanda,
1168 3772 1267 3833 Οὐ..

192 3863 222 3923 in
240 3864 511 3948 Metamorphosihus
531 3878 560 3928 et
576 3869 668 3925 Fastis
685 3864 870 3944 descriptione
889 3881 969 3923 nsum
981 3863 1125 3938 Nicandri,
1178 3893 1181 3914 =
1216 3895 1256 3918 a.

192 3956 369 4021 Callimachi:
390 3966 418 4021 in
438 3966 505 4021 Arte
524 3960 657 4020 amatoria
675 3976 727 4016 sua
744 3957 867 4037 quidem,
886 3955 937 4015 sed
962 3959 1223 4021 controversiarum

192 4053 340 4113 turicorum
358 4056 450 4132 simili,
469 4056 553 4134 plane
572 4054 645 4113 euim
665 4052 693 4110 in
713 4059 860 4129 utramque
886 4059 995 4129 partem
1019 4051 1164 4129 disputate
1190 4055 1216 4113 sv
1233 4083 1254 4104 ..

192 4147 295 4224 ubique
315 4167 332 4206 e
352 4151 477 4228 proximo
497 4149 627 4227 petiisse,
654 4144 886 4223 simpronius
903 4153 934 4204 d
952 4143 1038 4204 exilu
1057 4146 1201 4213 tritarum
1228 4179 1249 4197 ·=
