2650 4700
337 162 811 228 1111111111111111.
1073 173 1131 250 rt.
1237 191 1247 214 ι

47 245 65 294 Ο
101 290 107 298 ’
904 265 909 290 1

20 350 134 450 lique
164 374 300 452 parum
323 348 567 430 validus'non
590 351 817 453 proficientia
831 355 970 433 raalai,
1020 365 1025 384 ¹
1055 357 1072 388 ”-
1141 381 1174 396 ··

54 453 245 531 Cervicis
269 453 408 553 rigidae
432 453 538 530 frena
558 457 704 530 remittit
729 477 842 554 equm
1116 505 1121 530 1

20 553 69 634 Sic
99 581 184 656 quo
213 581 289 633 non
307 556 434 651 voluit,
457 556 526 633 sed
549 579 629 656 quo¹
645 559 738 660 rapit
760 561 913 661 impetus
926 562 1067 650 auidae,
1141 569 1178 629 1⁵

54 660 250 759 Aurigam
273 660 385 738 video
409 659 496 738 vola
520 658 668 737 dedisse
691 661 772 736 rati.
834 695 839 710 ·
879 695 883 706 ’

22 760 119 852 duod
147 766 226 836 nisi
250 772 403 839 mutatas
429 766 586 840 eriserit
608 762 753 841 Aeolus
777 785 899 857 auras,

11 888 12 909 .
60 867 108 940 ln
135 864 229 941 loca
255 869 325 942 ianr
349 867 463 958 nobis¹
477 891 552 943 non
577 865 745 943 adeunda
768 864 896 941 feram·

11 966 114 1071 ,Nam
141 970 279 1070 procul
302 969 439 1072 illyriis
462 968 575 1047 laeva
599 970 646 1047 de
671 975 776 1073 parte
800 965 940 1045 reliotis

11 1078 13 1191 1
383 1125 387 1134 ’
426 1118 474 1181 15.
512 1120 560 1180 Sic
579 1139 636 1179 non
662 1138 730 1200 quo.
1012 1105 1017 1114 ⁴

11 1220 203 1325 'Quamquam
225 1254 319 1305 autem
337 1247 376 1305 ita
393 1243 468 1305 hunc
486 1227 583 1305 locum
608 1233 706 1304 laudat
729 1244 917 1323 Manangelos
936 1237 1081 1300 Accurriui
1099 1238 1129 1297 in

11 1327 91 1381 notis
112 1325 151 1382 ad
170 1326 242 1382 Met.
265 1330 295 1395 2,
315 1334 430 1382 notante
448 1325 575 1397 Heinsio,
600 1332 630 1382 et
643 1324 753 1382 locutio
773 1324 873 1380 usitata
892 1330 935 1380 est
953 1317 1126 1397 poetisfcsr.

11 1401 89 1458 den.
108 1401 230 1479 Hippol.
251 1404 317 1463 183.
342 1411 372 1458 et
395 1419 469 1477 quae
493 1400 591 1459 Burm.
612 1400 647 1458 ad
670 1402 738 1459 Her.
760 1404 807 1473 19,
829 1402 883 1456 183
909 1396 1008 1466 affert,
1032 1404 1127 1453 tamen

30 1477 83 1534 libri
101 1486 261 1553 agnoscunt
279 1476 347 1534 nulli
366 1486 395 1534 et
415 1496 452 1534 ne
470 1477 575 1536 Heinsii
591 1477 710 1556 quidem.
729 1477 894 1534 auctoritate
917 1476 965 1532 illa
990 1474 1128 1548 scriptura

33 1552 196 1628 defenditur,
215 1554 309 1632 quiin
330 1555 482 1631 exemplari
500 1562 580 1611 notas
600 1555 657 1611 eius
679 1556 715 1612 ab
733 1554 795 1625 ipso
814 1550 974 1610 emendatas
993 1549 1125 1620 habente,

34 1630 75 1686 scd
94 1630 443 1688 oscitanteraBurmanno
462 1631 587 1707 inspecto
606 1650 681 1688 non:
700 1633 813 1703 melum,
832 1627 899 1687 ‘sedz
919 1630 1040 1686 11111111
1058 1642 1128 1701 pro·

34 1706 94 1764 lare
111 1717 227 1764 testatus
248 1716 320 1781 erat,
347 1717 378 1764 ut
401 1708 437 1764 sit
460 1710 618 1782 1111111111,
641 1705 876 1797 quemadmodum
903 1706 981 1762 Fast.
1002 1703 1127 1780 &5933

38 1783 155 1841 Vracitur
180 1790 341 1842 oronam.
369 1783 490 1840 ‘Verum
518 1783 541 1840 si
567 1783 616 1840 lras
641 1784 815 1840 librariorum
846 1783 964 1859 ineptias
990 1780 1127 1855 excipiasr

38 1866 121 1917 amisa
138 1861 213 1917 Gall.
234 1856 336 1934 placato
354 1857 472 1917 duorum
491 1861 637 1937 Heinset
653 1860 739 1917 Crev.
774 1863 872 1916 uentos
891 1860 972 1938 triuur'
992 1856 1127 1934 eiusdem3

39 1934 99 1991 lan
113 1946 139 1993 et
156 1936 292 1994 editiones
309 1944 418 1994 veteres
438 1937 614 1994 consentiunt
632 1936 660 1992 in
679 1936 830 2013 scriptura:
859 1938 957 2008 oldas,
977 1935 1067 2013 quam,
1079 1950 1130 1995 cur·
1213 1969 1219 1976 -

44 2010 102 2067 loco
118 2031 280 2087 moveamus,
300 2013 400 2070 causae
425 2011 496 2070 nilril
517 2023 568 2070 est.
595 2011 642 2070 El.
663 2012 720 2069 hui.
747 2012 809 2069 libri
829 2017 877 2085 ll,
896 2031 923 2068 1.
944 2013 999 2070 431
1019 2009 1130 2072 Vincas
1151 2039 1155 2065 t

48 2083 123 2144 tono
136 2088 279 2162 minan,
297 2090 441 2146 etsimilia
460 2091 571 2168 passim.
610 2106 658 2146 noo
681 2090 752 2165 repit
770 2106 818 2145 rec
855 2091 925 2147 imus
943 2107 978 2147 ex
1002 2087 1130 2148 Heloria.
1192 2097 1201 2117 ²

47 2163 83 2219 nis
96 2162 177 2223 Palat.
196 2168 280 2243 prim.
300 2185 361 2222 exc.
380 2168 461 2223 Voss.
482 2165 562 2224 Leid.
587 2168 670 2245 prim.
696 2184 752 2222 sec.
778 2166 855 2224 Gal.
880 2175 909 2224 et
927 2167 1049 2245 quinque
1069 2167 1129 2226 aliis

44 2257 97 2296 oum
114 2244 166 2298 eius
184 2245 266 2320 prim.
294 2243 357 2312 ed.,
383 2244 484 2301 nostris
508 2243 594 2302 Bern.
620 2241 717 2302 Berol.
742 2241 806 2302 Rcl.
833 2243 916 2303 Crer.
939 2241 1030 2302 'Edu
1057 2241 1127 2326 vett}

42 2335 140 2376 omnes.-
162 2338 218 2378 noo
236 2322 317 2395 repit.
1081 2335 1084 2342 ’
1109 2331 1126 2348 ·’

108 2400 149 2453 13.
189 2413 422 2453 rnor1ornurra
441 2414 578 2456 aaaron.
623 2393 793 2474 prolicienda
817 2394 908 2456 Palat.
935 2397 1017 2475 prim.
1036 2405 1129 2463 ordor

42 2468 111 2527 Serv.
128 2472 257 2530 Francos.
278 2491 296 2529 a
314 2474 395 2552 prim.
415 2492 453 2531 m.
482 2485 512 2531 et
533 2484 597 2533 octo
621 2474 772 2530 Heinsiani.
811 2470 875 2530 Nee
899 2473 1068 2550 displicuisse
1086 2475 1127 2532 vl-

42 2546 112 2603 detur
135 2548 267 2622 Heinsio,
293 2549 412 2606 sortasse
435 2551 502 2627 quia
524 2555 595 2626 repit
618 2551 821 2628 praecessisset.
865 2550 1042 2608 Bonnannus
1060 2568 1127 2628 per·

41 2642 110 2680 verse
127 2627 267 2703 vulgatum
290 2626 427 2700 defendit,
447 2627 525 2703 quasi
545 2647 600 2684 non
622 2644 712 2704 aeque
730 2628 802 2683 bene
820 2634 911 2685 sodor
929 2636 1014 2703 atque
1038 2635 1128 2687 rector

41 2700 64 2755 iu
81 2711 203 2779 utroque,
220 2703 332 2778 navigio
352 2713 381 2759 et
400 2721 483 2779 equo,
503 2703 651 2760 diceretur.
692 2703 750 2760 Sed
776 2710 838 2759 tuta
864 2713 908 2761 est
924 2704 972 2761 illa
989 2704 1128 2783 scriptura

41 2777 189 2854 scriptorum
214 2778 347 2835 librorum
376 2781 458 2836 etiarn
484 2790 642 2838 nostrornm
669 2780 795 2853 omnium,
816 2787 846 2838 et
871 2779 937 2838 edd.
965 2789 1033 2840 vett.
1059 2798 1129 2838 con·
1244 2792 1249 2797 ’

40 2869 133 2910 moros
154 2858 242 2913 molor
259 2854 427 2932 Puteanget
445 2855 512 2913 duo.
549 2856 630 2915 milas
646 2856 768 2931 Regius»=
1057 2876 1060 2881 ·

11 2949 13 2970 Ι
107 2929 151 2988 15.
192 2948 241 2989 s1o
269 2950 331 3005 ouo
364 2950 431 2989 uon
461 2951 596 2992 ronurr.
642 2933 715 2988 Hinc
742 2931 843 2990 iterum
870 2933 1031 3010 intelligitur
1064 2932 1128 2992 cod.

44 3003 148 3064 Palatini
170 3007 253 3084 primi
282 3008 407 3082 bonitas,
437 3010 484 3087 qui
511 3029 573 3066 cum
600 3010 714 3086 paucis,
740 3008 776 3067 sr.
804 3009 876 3067 Rev.
903 3010 983 3068 Serr.
1008 3011 1127 3086 Seguer2

42 3080 158 3140 Francos.
184 3084 261 3143 Rel.
275 3094 306 3141 nt
329 3085 439 3145 duobus
465 3085 524 3142 aliis
543 3082 575 3143 id
597 3088 745 3159 servarit,x
761 3085 838 3164 quod
859 3085 946 3142 multo
965 3096 1007 3144 est
1027 3089 1128 3163 altero,

43 3158 104 3234 quod
124 3160 244 3217 editores
261 3162 429 3238 probarunt,
448 3163 610 3238 elegantius.
650 3159 687 3219 In
707 3162 835 3239 vulgata:
863 3164 912 3221 Sin
929 3180 985 3221 non
1005 3181 1058 3239 quo
1076 3182 1130 3222 oo·

11 3295 12 3302 .
44 3230 85 3291 ldl
101 3237 222 3313 vulgaria
240 3249 270 3294 et
287 3239 405 3314 protrita
424 3242 526 3314 omnia,
546 3242 574 3296 in
596 3240 644 3296 illa
663 3239 800 3317 scriptura
826 3239 937 3315 elegans
964 3242 1129 3298 verboruma

11 3315 13 3324 '
43 3328 87 3368 non
103 3313 187 3371 soluit
207 3322 249 3371 et:
271 3317 347 3392 rupit
365 3333 432 3391 pert
452 3333 505 3393 quo
525 3317 717 3395 copulatorum
736 3314 873 3395 oppositio
894 3324 923 3374 et
940 3315 1064 3375 efficacia
1082 3334 1131 3376 ea·

11 3399 12 3414 ¹
44 3385 388 3468 dem,qnae5,10,16:
689 3408 692 3415 ·
785 3432 786 3435 ¹

11 3525 12 3528 ,
241 3464 390 3538 Quaesill
407 3487 463 3527 nou
480 3477 562 3548 rapto
580 3472 669 3541 olocro
688 3475 767 3548 torpe
784 3475 899 3553 pulsnm
961 3509 967 3515 »
1066 3498 1069 3503 <
1121 3498 1125 3507 ·

45 3536 137 3619 dequo
154 3543 294 3600 locutione
311 3544 374 3601 ride
392 3545 493 3605 Markl.
512 3546 548 3603 ad
568 3542 640 3605 Stat.
661 3546 729 3604 silv.
751 3551 779 3620 1,
799 3552 831 3620 l,
848 3550 896 3604 82.
934 3544 1063 3604 Eundem
1083 3564 1133 3604 or-

46 3612 122 3675 dinem
139 3620 166 3676 in
189 3621 291 3677 voculis
318 3624 453 3699 comuptis
480 3631 592 3681 servant
615 3623 721 3696 Rern,
751 3623 816 3699 quir
843 3625 878 3681 st
902 3640 956 3701 quo
980 3641 1047 3696 rtoa,
1065 3623 1130 3703 M⁰7

47 3700 102 3750 ret:
120 3695 175 3753 Sed
192 3714 248 3772 qua
266 3715 332 3770 noa,
352 3698 446 3757 Busl.:
466 3700 523 3758 Sed
579 3719 595 3757 o
614 3718 669 3757 non
688 3699 785 3757 vulsit.
825 3698 913 3758 matut
930 3704 1048 3780 impetos
1067 3710 1129 3760 exet

49 3764 112 3829 loss.
138 3781 166 3829 et
192 3774 248 3829 duo
269 3774 386 3842 Heinsii‚
411 3719 682 3835 fortasseldrancos.
711 3786 740 3834 et
758 3777 840 3852 Rel.;
861 3778 968 3836 accedit
997 3779 1080 3836 Crer.
1101 3782 1131 3837 at

52 3845 98 3902 at.
114 3846 213 3918 Dresd.
233 3853 307 3926 cupit
324 3850 415 3909 Palat.
436 3870 491 3910 sec.

108 3927 154 3984 16.
193 3943 361 3983 romeam.
399 3928 518 3987 Relandi
537 3929 600 3987 eod.
620 3930 739 4006 glossam
763 3930 873 3988 rarioris
900 3930 955 3990 lroc
976 3930 1130 4009 significatis

11 4043 13 4060 .
50 3998 265 4080 voruhabelrat:
293 4007 450 4079 Hectorea,
477 4006 527 4063 sed
554 4005 648 4064 addita
669 4025 686 4062 a
704 4024 760 4064 seo.
781 4006 959 4066 m.’meliore
983 4009 1130 4085 scriptura}
1190 4069 1198 4073 -
1312 4050 1313 4059 ,

11 4063 13 4152 l
49 4068 122 4131 ’leun
141 4097 199 4156 seq.
218 4083 362 4137 lurrniaorit
381 4079 436 4138 duo
456 4083 569 4140 Heinsii.
589 4082 681 4139 nuilus
700 4082 776 4140 Gall.
796 4082 860 4140 olas
873 4086 945 4142 cod.
962 4085 1043 4141 Voss.

110 4156 153 4211 19.
192 4173 332 4223 mutnus
358 4175 468 4223 naurs
496 4178 535 4217 on
563 4177 670 4217 11111
698 4176 861 4218 11111111.
904 4161 996 4220 Codd.
1029 4159 1132 4219 lleiusii
1178 4204 1185 4213 ,
