2650 4700
517 167 569 230 *ὓ
587 164 677 231 llll·
1043 182 1125 258 saa

17 356 51 420 da
68 356 163 422 Varis
180 375 212 439 p.
233 355 300 419 155.
317 353 402 420 Orici.
421 354 511 416 Triat.
530 351 561 427 6,
580 356 612 431 7,
629 357 680 417 27.
724 353 783 420 Eas
799 356 823 417 si
842 359 999 420 accuratius
1023 377 1123 423 noua·

17 469 87 529 nus,
108 452 333 512 luculentissimo
347 449 476 511 fortassis
503 451 633 530 exemplo
660 449 762 510 aetatis
786 449 859 508 illius
884 450 1038 515 litterarum
1060 474 1123 517 me

17 556 111 606 menta
130 557 298 606 teneremus.

85 639 251 719 Elegiacum
275 656 377 716 genus,
410 634 486 715 quod
514 644 572 728 tam
595 634 720 696 studiosa
745 643 776 696 et
803 630 955 695 efficaciter
979 640 1119 702 excultum

17 743 63 810 ast,
90 735 228 811 cuiusque
253 731 393 790 historiam
417 730 529 810 plenius
554 747 723 808 cognoscere
748 728 849 805 datur,
874 746 966 808 neque
984 730 1115 810 Virgilio,

17 846 105 905 neque
129 827 255 900 Heraea
280 825 430 905 quidquam
465 824 559 884 debet.
606 822 770 883 Condidisse
792 822 823 882 id
851 823 1047 883 existimandus
1071 835 1115 886 art

17 919 124 995 Gallus,
144 918 244 979 doctus
261 916 451 998 Euphorionis
468 917 602 977 imitator.
640 918 664 976 Δ
684 936 741 995 quo
769 916 818 994 qui
835 918 976 995 proximus
1000 918 1055 977 suit
1071 927 1115 979 te·

17 1012 167 1072 steOvidio
179 1012 267 1071 Trist.
287 1016 317 1082 4,
337 1014 387 1085 10,
406 1009 469 1084 53,
488 1009 629 1085 Tibullus,
649 1010 856 1087 grammaticum
876 1010 953 1069 illum
970 1010 1065 1071 sucum
1083 1021 1114 1074 at

17 1116 154 1180 mmmm,
172 1105 267 1184 quiin
287 1104 404 1163 Graecis
422 1098 526 1160 sabulis
546 1102 729 1162 admiscendis
750 1110 811 1176 est,
832 1121 943 1160 omnem
967 1102 1112 1185 deposuita

17 1198 145 1277 bquendi
162 1215 266 1276 genere
284 1197 370 1254 utitur
387 1197 514 1275 proprio,
533 1205 608 1257 terso
627 1207 656 1258 et
674 1196 780 1272 nitido,
806 1214 860 1255 nec
878 1198 1014 1274 quaesito,
1034 1200 1114 1260 cuiue

17 1292 127 1352 virtutes
145 1310 203 1360 non
220 1291 315 1368 lquiris
340 1287 441 1348 iudicio
467 1293 640 1369 assequitur3
665 1292 784 1353 disertus
811 1298 873 1367 est,
899 1309 998 1371 neque,
1017 1302 1115 1354 nmen

17 1386 157 1462 copiosus:
175 1382 332 1442 rhetoribus
351 1381 418 1439 nibil
437 1381 504 1440 dum
523 1381 625 1458 debet,
649 1385 701 1442 sibi
726 1385 828 1443 omnia.
868 1384 961 1454 Quem
987 1385 1112 1466 Proper·

17 1478 124 1540 busita
142 1478 275 1552 sequitur,
294 1483 327 1532 ut
343 1473 470 1536 Philotae
489 1486 520 1535 et
539 1476 701 1535 Callimachi
718 1477 930 1538 aemulationem
949 1497 1006 1537 non
1024 1481 1110 1540 semel

17 1563 175 1648 profiteatur
193 1579 222 1628 ct
239 1567 385 1628 ostendat:
414 1569 527 1628 similior
544 1568 597 1626 bac
614 1568 643 1627 in
661 1578 743 1646 parte
760 1571 855 1640 Gallo,
881 1587 964 1647 quarn
983 1572 1111 1649 Tibullo,

17 1663 60 1722 recl
77 1672 200 1740 utroque
218 1663 345 1722 oratione
363 1663 486 1737 uberior,
505 1670 536 1720 ut
554 1662 664 1739 opinor.
701 1661 810 1720 Rursus
829 1662 944 1721 Ovidius
961 1662 1113 1741 Propertio

17 1756 169 1836 simplicior,
189 1772 281 1834 paene
297 1754 434 1815 indoctior
453 1765 481 1814 et
500 1757 603 1833 ubique
622 1774 707 1813 suus:
732 1763 762 1814 et
779 1755 827 1813 illo
846 1774 924 1830 sero,
945 1765 975 1812 et
993 1755 1109 1815 Tibullo

17 1850 158 1924 insanior,
179 1847 271 1907 iudice
290 1850 461 1920 Quintiliano
485 1849 554 1909 lust.
581 1849 752 1924 4,1,93.,
779 1846 855 1925 quod
881 1845 918 1906 ad
942 1866 1110 1924 sermonem,
1176 1915 1179 1920 ,
1269 1865 1274 1879 1

17 1962 66 2002 non
76 1943 216 2001 admones
232 1950 360 2017 spectare
378 1961 460 2002 nemo
480 1941 594 2019 ambigit
612 1949 669 1998 tam
688 1939 744 1998 illio
760 1940 902 2020 prosectu,
919 1960 1004 2020 quam
1022 1946 1053 2016 §.
1061 1944 1111 2002 88.

17 2037 71 2095 Cir.
92 2041 121 2105 2,
139 2037 171 2105 4,
189 2040 216 2091 3.
256 2036 311 2093 Hic
327 2037 444 2095 multum
461 2034 692 2095 declamatoribus
715 2034 801 2094 debet
819 2044 848 2095 et
866 2053 964 2093 eorum
980 2033 1111 2095 fomentis

17 2127 146 2206 igniculos
169 2127 344 2186 Tibullianos
375 2129 528 2202 nutrivisse
549 2126 746 2192 existimandus
772 2138 825 2189 est.
868 2128 947 2207 Lege
973 2128 1110 2190 Senecam

17 2222 147 2282 Contu-ov.
166 2224 214 2279 10.
232 2240 264 2300 p.
284 2223 353 2286 172.
371 2209 425 2285 Gr.
444 2230 474 2282 et
491 2219 588 2281 confer
612 2232 727 2302 praeter
750 2223 909 2283 innumeros
928 2223 999 2282 allos
1018 2224 1111 2282 locum

17 2316 94 2377 Pont.
111 2322 145 2394 2,
161 2314 199 2375 65
216 2347 256 2362 ·-
272 2318 335 2392 70,
352 2315 477 2396 inprimis
493 2316 559 2383 illas
757 2356 759 2361 ,

186 2408 312 2483 Timaeus
328 2413 401 2469 euim
418 2410 638 2485 submersura
654 2416 697 2469 est
714 2410 812 2470 lunreu
829 2408 921 2481 cohis3

126 2515 133 2533 ·
222 2503 280 2562 Sed
296 2511 391 2563 tanen
409 2490 634 2563 unrbobus'dcbet
650 2505 741 2560 inesse
757 2503 844 2564 color.

17 2600 53 2658 lta
77 2596 154 2657 enim
174 2593 254 2674 leges
275 2606 305 2657 et
328 2598 445 2657 colorem
467 2595 636 2655 rhetoricum
661 2596 808 2675 intelliges.
851 2595 939 2655 Julius
964 2591 1112 2666 Proculus,

17 2710 97 2772 quem
120 2698 186 2769 post
211 2690 341 2750 Ovidium
367 2690 509 2767 scripsisse
534 2689 630 2765 elegos
653 2698 734 2767 patet
761 2692 888 2749 eTrist.
910 2692 942 2771 4,
970 2693 1025 2771 10,
1049 2687 1112 2763 64,

17 2785 136 2865 quamtis
157 2785 223 2859 sint,
241 2785 290 2864 qui
306 2785 383 2843 illum
400 2782 517 2841 fratrem
534 2778 643 2860 Virgilii
660 2782 795 2843 iuniorem
814 2778 924 2862 putent,
944 2783 1053 2843 Osann.
1073 2780 1113 2844 ed
1167 2861 1171 2867 ι

17 2880 122 2960 lpulei.
138 2898 170 2958 p.
187 2885 249 2955 21,
271 2877 416 2958 probabile
440 2876 508 2935 nitu
528 2875 625 2934 estad
644 2877 818 2936 Graecorum
840 2877 1021 2937 imitationem
1038 2893 1114 2954 pau·

18 2995 66 3033 um
93 2990 233 3033 reversum
259 2992 320 3033 eme
342 2980 372 3032 et
396 2969 542 3047 Propertio
568 2970 744 3046 similiorem,
776 2989 862 3050 quam
888 2970 989 3045 Ogidio
1013 2968 1112 3042 fuisse,

17 3069 76 3146 quia
96 3065 347 3141 diciturPont.4,
367 3066 416 3137 16,
436 3067 484 3121 32.
509 3064 591 3124 molle
616 3063 780 3124 (lullbnaolsi
805 3066 860 3123 iter
882 3066 1011 3122 mulcro.
1051 3061 1112 3121 Sed
1232 3093 1234 3105 =

17 3165 136 3236 Tuscus,
155 3158 365 3238 quinyllideus
383 3155 478 3227 edidit,
496 3156 580 3225 Pont.
598 3158 620 3214 l.
632 3157 653 3216 l.
673 3176 701 3216 v.
720 3160 782 3233 20,
802 3156 879 3236 quod
897 3158 923 3215 si
939 3155 976 3216 de
986 3153 1112 3215 Thracia

17 3253 126 3313 rereide
141 3250 352 3330 intelligendum
369 3249 426 3324 sit,
450 3247 506 3306 rid.
528 3249 651 3328 Madvig.
672 3269 769 3330 opusc.
796 3249 878 3309 acad.
894 3269 929 3329 p.
947 3250 1006 3324 19,
1027 3248 1113 3327 quale

17 3346 142 3407 arminis
158 3360 245 3422 genus
263 3344 358 3419 fuerit,
377 3343 422 3400 six
441 3360 476 3400 ex
494 3343 557 3401 aeri
573 3344 633 3402 eius
651 3362 731 3403 more
748 3342 864 3405 indicari
877 3342 975 3422 possit,
992 3341 1113 3402 sortasse

17 3440 108 3500 laetor
133 3439 182 3498 ille
203 3437 258 3496 suit
284 3435 401 3497 Clodius
425 3437 538 3495 Tuscus
555 3454 574 3494 a
592 3437 705 3496 Seneca
727 3437 842 3496 Suasor.
861 3444 893 3498 2.
912 3436 964 3494 sub
982 3435 1032 3493 lin.
1052 3451 1115 3494 me·

17 3543 153 3594 noratust
177 3529 302 3591 fortassis
320 3530 404 3608 igitur
422 3538 471 3588 aut
488 3528 548 3604 bic,
572 3539 621 3589 aut
638 3525 696 3588 lul.
717 3530 880 3605 Montanus,
910 3531 977 3590 item
1004 3527 1113 3606 rhetor,

17 3628 65 3688 ud.
84 3627 156 3688 Sen.
183 3634 310 3684 controv.
336 3626 383 3682 16.
410 3623 463 3680 sub
485 3623 535 3682 fin.
555 3642 587 3700 p.
613 3627 682 3680 238.
701 3625 764 3695 Gr,
783 3634 813 3684 et
830 3626 942 3685 insanus
970 3624 1116 3703 recitator,

17 3721 66 3801 sp.
84 3724 154 3782 122.
176 3737 208 3797 p.
219 3720 300 3792 610,
319 3717 417 3777 tertius
435 3733 532 3776 eorum
551 3725 623 3791 erat,
641 3717 865 3795 quialteruatim
884 3717 963 3796 quasi
981 3734 1114 3796 quorsum

17 3814 173 3895 aequalium
189 3829 304 3879 suorum
321 3810 433 3888 ingenia
452 3818 609 3886 vergerent,
634 3809 663 3868 in
682 3810 737 3869 hoc
762 3828 866 3887 genere
890 3811 1112 3869 monstraverint.

17 3907 185 3967 marsnam
203 3914 281 3969 certe
299 3899 513 3981 elegograpbos,
532 3901 648 3961 Stellam
668 3903 755 3976 (Stat.
774 3904 835 3962 silv.
854 3909 883 3979 1,
902 3911 934 3979 2,
955 3906 1021 3977 197,
1043 3900 1111 3960 26⁰.
1170 3932 1179 3951 ι

17 4002 69 4081 q.)
87 4009 119 4060 et
139 3997 321 4077 Calpurnium
347 3997 477 4058 Pisonem
502 3993 592 4067 (Pliu.
615 4011 663 4072 ep.
683 3996 716 4070 6,
740 3998 787 4054 17.
814 3996 888 4069 init.)
913 4017 969 4055 non
995 3997 1114 4055 maltum

17 4091 176 4155 suffitionis
194 4093 324 4153 Graecas
341 4081 466 4160 serram
484 4084 659 4166 crediderim,
679 4106 712 4147 ac
730 4109 820 4168 prope
839 4098 929 4150 certus
948 4107 1018 4151 sum.
1046 4100 1049 4108 ’
