2650 4700
213 137 216 150 ·
297 134 501 217 =rursum
516 133 716 201 mum
738 135 856 214 tarr.
1079 140 1143 220 η,

404 357 424 372 ..
542 322 611 401 Ν.

31 441 219 595 'fingitur
244 494 397 574 Oceano
422 498 548 573 custos
572 493 855 600 Erymanthidos
878 522 989 579 mooe

15 637 16 662 r
88 600 379 699 Aequoreosque
403 623 471 674 suo
496 599 618 678 sidere
643 602 763 678 turbat
786 624 920 700 aquaso

31 702 108 780 Nos
132 709 254 779 tamen
278 703 428 793 Ionium,
453 725 527 778 non
550 712 678 781 nostra
700 701 865 780 findimus
891 726 1029 806 aequor

14 855 15 862 κ
87 804 242 906 Sponte,
268 806 336 883 sed
362 804 525 881 audaces
547 810 709 907 cogimur
734 830 820 884 esse
839 814 947 884 metu.

34 905 90 986 lle
112 908 297 1006 miserum!
324 909 464 1010 quantis
488 910 701 1009 nigrescunt
724 933 883 1011 aequora
906 908 1040 1004 ventis,
1158 925 1180 984 s

454 1073 486 1136 bi
525 1076 695 1158 increscunt.

12 1235 15 1334 p
69 1229 77 1246 '
109 1248 135 1288 m
152 1226 314 1289 mirandum
332 1236 376 1287 est
404 1228 433 1287 in
451 1227 561 1290 medela
579 1229 801 1309 praesentissime
839 1228 944 1290 loribus
955 1227 1140 1306 convenis&

12 1343 14 1368 t
58 1307 166 1365 eoillima
186 1308 262 1384 enim
286 1314 338 1363 est.
376 1269 414 1363 in
439 1307 558 1385 epistola
583 1308 764 1382 Grouorisne
789 1326 806 1365 a
850 1307 1016 1366 Salmasium
1040 1324 1126 1384 supra

12 1404 14 1460 g
35 1381 137 1444 brodata
155 1383 227 1441 baec
245 1382 349 1440 habesr
375 1384 461 1456 „Hoc
480 1403 533 1461 ego
553 1386 639 1461 magis
666 1385 766 1459 miror,
794 1384 935 1461 quomodo
954 1390 1025 1443 lum
1042 1400 1137 1442 ausus.

37 1457 112 1517 inerit
127 1477 278 1537 reponere,
299 1458 457 1535 quodcum
477 1461 675 1538 ineptissimum
700 1479 799 1518 revera
823 1461 868 1532 sit,
891 1461 1013 1539 speciem
1032 1469 1126 1519 tamen

35 1533 112 1596 behet
130 1537 242 1593 rarioris
261 1537 349 1593 verbi.
387 1538 557 1595 suavissima
580 1556 646 1595 vero
666 1547 695 1594 et
720 1538 853 1616 frequens
873 1546 977 1616 poetae
993 1536 1062 1595 liaeo
1080 1553 1128 1595 re·

37 1613 124 1703 petitio
148 1623 201 1670 est.
239 1613 419 1670 Verissimum
444 1605 480 1670 rb
507 1620 534 1671 el
557 1614 586 1671 in
609 1621 642 1671 ol
666 1616 767 1672 mutari
793 1612 927 1672 debere.”
964 1614 1043 1672 Haeo
1065 1615 1138 1674 stne·

38 1688 199 1748 audoleci
222 1689 297 1746 (licta
315 1689 449 1747 Burman.
475 1689 610 1747 Patruum
635 1690 789 1765 fugiebant.
827 1689 920 1748 Etiam
947 1690 1129 1747 Burmannus

39 1764 170 1823 Secundus
189 1768 243 1823 ista
261 1767 404 1840 ignorasse
425 1765 550 1842 ridetur,
577 1766 625 1845 qni
650 1768 688 1823 sd
712 1766 863 1843 Antlrolog.
887 1767 1005 1825 Latinae
1023 1767 1071 1826 lio.
1093 1771 1125 1840 2,

41 1843 99 1900 125.
114 1843 151 1900 ita
169 1842 247 1899 hunc
264 1842 356 1899 locum
376 1843 523 1900 emendet:

182 1922 276 1977 Vovit:
294 1925 321 1975 el
337 1917 485 1991 absenteris,
504 1920 650 1996 (proniora
666 1919 708 1976 aio
723 1917 790 1991 folo
808 1916 956 1994 tolerent)
1043 1981 1047 2000 ,

222 1999 320 2068 Vioot,
338 2002 371 2052 ut
389 1995 497 2053 auxilio
515 1994 636 2053 subleuat
652 2012 740 2070 osores
756 2013 825 2066 suo,-

49 2087 120 2148 qoem
135 2071 254 2130 ultimum
272 2090 381 2129 versum
407 2074 436 2129 io
460 2072 532 2129 libro
557 2072 617 2129 eius
639 2072 680 2129 ita
703 2072 909 2148 interpunctum
934 2068 1127 2130 intendebam

53 2150 123 2206 Vsoul
135 2157 173 2223 sl,
192 2148 303 2207 oonilio
322 2159 375 2206 etc.
414 2147 587 2206 Schraderus
606 2148 760 2206 Burmanni
784 2149 983 2208 correctionem
1008 2156 1127 2207 esteotrs

43 2225 183 2302 probabat,
210 2235 242 2282 ut
273 2224 371 2282 duram
400 2225 633 2282 constructionem
667 2243 699 2281 re
719 2223 894 2284 relrenderet.
951 2224 1011 2283 Sed
1040 2227 1125 2284 etiam

42 2299 110 2379 prius
127 2302 208 2360 illud:
231 2304 308 2361 Venit
330 2320 444 2379 prorsus
468 2301 586 2359 otiosum
611 2311 664 2361 est.
699 2244 763 2360 ilos
789 2310 939 2380 antequam
961 2300 998 2362 de
1015 2302 1126 2361 illormn

42 2380 149 2437 meum
167 2380 309 2439 sententiis
328 2380 479 2512 quidguam
498 2378 731 2456 cognovissemus,
752 2378 852 2437 eodem
869 2379 965 2453 modo,
984 2398 1044 2457 quo
1060 2381 1128 2440 Sol·

39 2458 142 2531 mnsios,
161 2457 254 2512 locum
271 2456 394 2532 retingen
416 2464 462 2512 um
488 2455 657 2533 putarimus,
675 2464 782 2513 mutato
801 2463 909 2513 tantum
934 2458 1081 2532 posteriori
1097 2463 1127 2515 sl

37 2532 155 2591 instet
181 2534 394 2608 interpretamur
412 2550 448 2589 ex
475 2533 621 2590 omissione
647 2532 801 2611 particulae
819 2530 1054 2590 demonstrativae
1071 2536 1124 2606 sio,

34 2610 83 2679 ila,
99 2610 135 2666 de
152 2627 208 2686 qua
227 2626 312 2684 supra
331 2609 448 2665 diximus
466 2608 502 2665 ed
522 2608 558 2666 el.
579 2614 609 2682 1,
634 2613 691 2667 88:
719 2611 813 2679 oioot,
837 2615 865 2664 ot
887 2611 930 2667 ilo
955 2606 1062 2684 paridem
1078 2612 1129 2667 oi-
1253 2662 1256 2670 .

33 2692 88 2759 ost,
105 2692 138 2745 si
155 2684 293 2742 amnem
312 2692 367 2742 etc.
405 2684 453 2742 Sic
471 2684 507 2741 ab
531 2686 607 2743 omni
625 2696 707 2764 parte
724 2684 849 2741 molestia
866 2684 981 2760 quaevis
999 2703 1129 2743 remore-

33 2770 83 2818 tur.
120 2763 151 2819 Si
172 2761 233 2837 quis
251 2761 377 2818 ordinem
396 2761 542 2818 verborum
564 2762 724 2829 inusitatum
750 2772 844 2818 tamen
869 2761 1015 2830 existimet,
1031 2769 1129 2840 potest
1252 2813 1256 2817 .

32 2839 153 2896 consulto
171 2838 247 2894 illum
266 2847 378 2894 secutus
395 2846 480 2914 poeta
499 2836 596 2912 rideri,
621 2848 653 2895 ut
671 2840 735 2911 illo,
762 2854 835 2914 quae
859 2845 953 2895 tamen
973 2841 1127 2915 perexigua

31 2924 82 2988 est,
100 2915 269 2972 obscuritate
296 2914 376 2990 quasi
401 2912 564 2987 occultaret,
591 2914 656 2989 quid
678 2914 725 2972 uid
750 2914 900 2972 admonitio
925 2915 973 2972 illa
992 2916 1127 2973 smenon·

32 2991 113 3048 omae
132 2986 226 3048 uxo'ris
243 2990 382 3047 iniucundi
408 2989 513 3047 habere
537 2993 644 3066 possit3
689 2992 878 3049 recitationem
905 2991 980 3050 enim
997 3001 1030 3051 et
1047 3007 1130 3052 rere·

31 3067 154 3131 medinm
173 3066 274 3126 melius
288 3067 328 3124 ita
346 3067 493 3145 expressit,
511 3082 545 3122 ac
562 3066 587 3124 si
606 3068 696 3127 serbis
715 3066 858 3145 protessus
875 3076 961 3126 esset.

479 3217 680 3238 Q

470 3312 711 3391 ,ru'

66 3486 72 3499 .
104 3437 216 3499 Noram
239 3440 357 3519 elegiam
382 3442 433 3501 sed
462 3443 522 3501 sine
545 3439 727 3517 inscriptione
751 3438 819 3499 facit
848 3441 957 3518 primus
983 3441 1129 3502 Palatinus

31 3532 93 3574 eom
109 3518 204 3575 multis
223 3517 291 3576 aliis.
326 3521 534 3598 lusoriptionem
553 3517 631 3577 addit
643 3517 798 3576 Francof.r
817 3515 943 3578 &sarilo
961 3525 1078 3595 mopso,
1096 3522 1127 3578 io

32 3612 83 3668 pta
102 3598 190 3672 coepit
207 3598 340 3671 umipore
361 3605 388 3655 et
406 3600 524 3655 corbuel
541 3593 633 3665 molo,
662 3611 733 3670 uaros
749 3613 853 3671 posses
871 3602 923 3655 ast.
960 3595 1006 3653 Ex
1022 3596 1127 3655 nostris
1157 3628 1162 3647 ι

33 3679 122 3727 temen
141 3671 247 3745 nullus,
264 3690 358 3750 neque
375 3684 443 3731 rett.
471 3672 536 3731 edd.
560 3670 694 3729 dirimunt
711 3689 729 3727 a
747 3672 842 3749 priori.
880 3672 1080 3749 Argumentum
1097 3670 1128 3731 id

36 3749 153 3825 uigere,
170 3749 279 3824 primus
294 3751 400 3808 notarit
418 3753 495 3807 'lam
513 3749 608 3806 Faber
626 3766 694 3824 epp.
715 3754 745 3821 l,
763 3754 810 3805 22.
1006 3748 1019 3771 s

103 3825 133 3880 5.
174 3842 392 3885 ursansoosr.
429 3830 583 3884 inmersum
599 3824 661 3882 Pel.
680 3842 736 3882 sec.
748 3823 1127 3884 Gall.1tel.n'ranc.ss.m.

38 3898 176 3957 ederem
195 3901 347 3960 Heiusiaoi.
390 3922 433 3962 sse
452 3908 576 3961 orosam
601 3902 706 3979 prinum
731 3900 878 3976 Politiani,
903 3902 952 3980 qui
975 3901 1041 3961 inde
1059 3900 1128 3959 illud

35 3973 149 4033 alterum
174 3979 333 4036 coniectura
351 3991 496 4037 assecutos
522 3989 574 4036 est.
612 3976 783 4047 stultesceret
805 3977 873 4037 duo.
909 3978 1129 4054 superiorve!

34 4047 192 4111 imesoool
210 4055 289 4112 alius.
327 4056 438 4134 Reliqui
461 4055 524 4112 libri
542 4073 638 4112 ornnes
661 4053 789 4112 Palatino
814 4057 905 4131 primo
930 4057 1127 4131 antesignanos

34 4129 204 4203 suescunt,
235 4132 287 4189 nisi
316 4134 392 4209 quod
416 4133 558 4191 Boeotio-r
588 4134 752 4205 ripresoeal.
795 4132 856 4190 Cir.
884 4131 954 4190 Met.
981 4137 1036 4205 ll,
1061 4133 1128 4186 500.
