2650 4700
201 170 279 246 333
650 155 850 219 aaoausto

206 351 227 415 d
226 345 311 431 ριίις,
336 355 367 407 st
384 339 497 424 αυλιλυιιι
521 338 625 420 φυλῆς
645 336 873 417 Πτολεμαίδος,
898 341 1009 422 stetque
1026 343 1241 413 τὶτιιοοιιοιῃλ

207 447 312 509 Strabo
341 442 392 501 lib.
421 439 467 497 14.
494 455 525 516 p
550 434 617 493 655.
643 435 697 493 lta
707 433 810 494 bobeta
842 427 1010 507 Διονύσιος
1034 434 1071 497 δὲ
1096 430 1114 499 d
1145 436 1244 529 Θριὶξ

206 522 467 602 ’Λαολλιίτιος“
449 553 468 590 o
496 523 553 599 τιὶς
580 521 804 605 Ἀργοναίτας
836 522 970 608 ποιήσας
994 506 1219 613 Ἀλεξανδρεῖς
1243 532 1301 615 ph,

211 631 377 693 ἐκαλοῦντο
403 621 440 685 δὲ
460 617 585 687 Ῥόδιοι.
624 624 662 680 At
687 622 831 683 Athenaeo
849 625 1026 704 deipnoa'l,
1046 630 1093 686 19.
1112 637 1143 687 et
1158 632 1301 697 secundm

210 728 285 787 bunc
305 725 420 783 Aeliano
448 720 512 778 laist.
533 732 579 775 aa.
601 716 652 789 lis,
667 721 723 775 23:
741 709 992 789 Ααολλιιινιος
974 739 992 777 ο
1014 711 1202 797 Ρόδιος,“
1170 745 1201 801 Ιη
1221 722 1301 783 Nara

211 815 359 899 aperitur
377 813 466 874 audit.
504 812 632 879 erarum
650 810 868 870 testimoniorum
887 832 943 871 uso
963 822 1016 887 est,
1043 832 1095 872 cur
1117 800 1302 895 postrema&

211 912 296 974 modo
315 912 465 977 ebromus,
483 924 541 983 quo
566 903 742 962 Weiclrertus
767 906 878 981 statuit,
904 902 1126 999 Ναυκρατίτην
1153 910 1209 969 dici
1228 913 1302 990 dpul·

212 1007 329 1079 lonium,
348 1003 414 1081 quia
432 991 643 1075 Ναυκράτεως
662 994 760 1057 κτίσιν
779 999 921 1099 scripserit
938 1000 1081 1077 Athenaeo
1100 1012 1191 1063 teste.
1211 1006 1301 1065 scillas

215 1103 257 1159 uti
281 1096 423 1158 Nicander
450 1085 596 1160 Attolle
622 1090 731 1153 dicitur
777 1084 844 1153 Sed
861 1112 962 1154 uorum
994 1096 1068 1154 lruuc
1093 1096 1227 1172 modum,
1256 1112 1301 1185 ῃ

215 1202 411 1272 praeterquam
430 1178 531 1266 (priate
541 1196 570 1245 et
590 1179 676 1243 θίσει
704 1185 796 1264 patria
820 1188 958 1247 ueteribus
983 1190 1162 1267 scriptoribus
1191 1186 1303 1268 impertid

107 1302 116 1318 ·
216 1297 274 1361 mr,
292 1285 451 1363 improbare
469 1278 578 1340 ridetur
603 1280 707 1337 clariss.
736 1277 890 1336 Meiuekius
907 1279 945 1338 de
963 1282 1119 1340 Rhianum
1140 1285 1210 1341 actis
1229 1283 1302 1345 dead.

215 1379 312 1440 Berol.
335 1382 419 1435 1832.
439 1395 469 1453 p.
492 1378 557 1432 125.
596 1372 641 1431 De
659 1372 810 1448 adiectivis,
835 1370 984 1451 qualia}
954 1366 1132 1450 «caudatos,
1148 1369 1303 1459 Ἰθωμαῖορ

216 1473 340 1530 fortassis
364 1472 456 1528 omnia
483 1464 663 1527 concedenda
687 1475 762 1525 sunt.
801 1466 861 1526 cn.
889 1468 1029 1526 Welclser.
1056 1467 1094 1526 ds
1117 1471 1246 1550 cyclop.
1261 1472 1302 1543 id,

216 1565 369 1624 Credamus
396 1562 540 1620 Athenaeo
563 1561 602 1619 de
627 1562 698 1618 urbe
723 1560 851 1619 natalicia
880 1561 1037 1638 Apollonii,
1068 1561 1145 1640 quod
1143 1566 1304 1672 quominq

216 1658 362 1732 iaciamus,
381 1673 472 1734 aequm
489 1655 605 1729 Strabo,
625 1672 718 1732 neque
737 1654 836 1730 reliqui
855 1655 977 1714 obstant.
1008 1655 1083 1713 Satis
1104 1657 1179 1715 euim
1199 1668 1304 1745 consae

216 1756 337 1831 primum
357 1751 423 1809 satis
442 1748 501 1825 diu,
521 1756 633 1825 etpost
657 1749 723 1805 satis
752 1747 897 1807 Ιιοιιοοιο
889 1768 916 1806 m
936 1747 999 1806 loco
1022 1749 1099 1806 illurn
1122 1760 1235 1826 poetam
1250 1752 1303 1834 dle,

216 1847 350 1906 andans
368 1845 475 1903 uixisse.
514 1840 632 1917 Atque
624 1850 663 1899 tta
682 1838 812 1899 iudicarit
836 1841 1035 1903 Valckenarius
1059 1843 1097 1901 de
1116 1844 1228 1903 Gallim.
1243 1847 1303 1929 eleg,

217 1960 248 2019 p.
269 1943 336 1997 283.
344 1953 474 2014 ,nequa
490 1934 636 1993 dissentire
654 1934 738 1997 audio
765 1935 834 1993 alios
854 1934 926 1994 viros
952 1955 1072 1994 summos
1091 1945 1120 1994 et
1137 1936 1212 1995 doc'
1239 1939 1247 1955 ⁸
1302 1938 1303 1945 ’

216 2033 275 2091 lam
294 2049 406 2089 causam
425 2027 507 2086 rideo
531 2029 617 2103 satis,
642 2030 672 2086 ni
693 2027 794 2104 fallor,
819 2030 1010 2108 probabilem,
1036 2048 1087 2087 cur
1109 1948 1305 2111 lbidisnm

208 2123 404 2184 ·('allimacluus
428 2121 548 2180 finxerit.
593 2119 695 2180 Solum
719 2120 865 2181 Platonem
889 2132 988 2181 testem
1015 2122 1304 2205 annominemus

214 2221 248 2291 §-
270 2218 385 2294 resp.
404 2216 472 2291 274,
491 2234 533 2274 αι
562 2204 684 2290 ἤκουσα
710 2209 814 2276 τοίνυν
839 2212 908 2294 περὶ
933 2207 1115 2322 Ναύκρατιν
1134 2217 1193 2293 τῆς
1217 2210 1304 2298 Atys.

216 2328 295 2369 πτου
314 2304 460 2388 γενέσθαι
480 2308 541 2367 τῶν
561 2304 626 2368 dari
641 2306 782 2369 παλαιῶν
802 2326 871 2368 τινα
896 2304 1038 2385 θεῶν,
1028 2291 1066 2367 οὗ
1084 2304 1135 2367 καί
1157 2304 1193 2371 ad
1214 2304 1306 2396 apaten

218 2402 255 2466 td
276 2397 407 2483 itpdv,⁰
388 2425 406 2463 ο
427 2397 467 2482 δὴ
486 2402 634 2462 καλοῦσιν
653 2394 732 2478 ιβιν·
760 2396 847 2485 αὐτῶ
865 2397 938 2461 dd
919 2422 1020 2480 ονομα
1039 2403 1084 2487 τῷ
1103 2401 1227 2482 δαίμονι
1243 2399 1306 2494 eisd

221 2498 323 2560 Orod.
361 2500 439 2575 Ergo
457 2499 509 2556 ibis
528 2499 635 2557 avicula
654 2516 739 2575 qnam
758 2497 877 2555 maxime
895 2497 1064 2557 Naucratica
1081 2497 1146 2576 suit,
1165 2502 1241 2560 velot
1258 2505 1305 2578 llos

112 2607 117 2616 ·
219 2595 305 2653 ratius
329 2602 536 2671 serpentem
565 2592 823 2668 Epidaurium,
852 2590 968 2650 Ouidius
992 2593 1305 2672 Cytlrereidascos

218 2688 366 2745 lumbas
392 2686 474 2742 dixit:
494 2686 560 2763 airis
579 2702 646 2761 ergo
665 2685 803 2761 Apollonii
822 2682 885 2754 suit,
905 2687 1020 2765 eiusque
1044 2688 1243 2750 coniunctionis
1259 2693 1305 2762 inre

219 2782 331 2836 nomina
351 2787 469 2854 uterque
488 2788 704 2836 commutarunt.
745 2778 777 2834 Si
796 2777 861 2853 quid
887 2797 959 2855 opus
978 2790 1020 2837 est
1038 2780 1076 2837 ad
1104 2783 1305 2842 continuanda·

219 2873 292 2930 banc
309 2873 485 2942 sententiam,
505 2882 603 2948 petere
621 2869 686 2927 licet
704 2889 739 2928 ex
758 2872 802 2944 iis,
824 2888 899 2947 quae
916 2891 1001 2950 supra
1017 2872 1054 2932 de
1066 2874 1162 2933 lrabitu
1174 2877 1305 2956 etiugeuio

219 2969 338 3025 rolacris
358 2965 1305 3036 commemoravimus,

296 3063 320 3118 Α
346 3057 531 3117 laudensibus
557 3056 599 3114 bis
628 3055 860 3134 progrediendum
888 3068 931 3117 est
958 3059 1031 3118 ad
1022 3080 1125 3138 ipsam,
1148 3080 1226 3139 quae
1249 3063 1305 3120 iuter

222 3165 370 3232 utrumque
388 3165 499 3231 poetam
518 3153 688 3224 intercessit,
712 3152 878 3208 inimicitiam
897 3157 1100 3231 exponendam.
1148 3157 1247 3214 Fuisse
1268 3157 1297 3171 ”’

221 3251 317 3317 micas,
336 3247 438 3306 suidas
455 3249 517 3304 loco
536 3263 622 3323 supra
640 3245 779 3321 exscripto
798 3254 931 3304 testatur:
951 3267 1002 3304 eur
1019 3247 1135 3325 suerint,
1156 3253 1229 3309 vitae
1237 3251 1306 3329 Apris

125 3379 132 3401 t
222 3339 352 3398 louianae
369 3351 496 3399 auctores
516 3338 709 3411 tradiderunt,
734 3340 792 3395 sire
815 3337 926 3395 tradere
948 3340 1092 3400 ridentur:
1119 3356 1221 3402 neuter
1236 3348 1306 3416 euim,

221 3435 273 3491 nisi
290 3433 439 3491 admodum
457 3437 574 3491 obscure
594 3433 682 3490 uerbis
703 3433 754 3504 bis,
783 3425 822 3487 ad
843 3451 914 3504 μιν
934 3428 1088 3509 πρῶτον
1112 3432 1216 3497 συνολν
1234 3437 1306 3520 Καλ

222 3520 344 3608 λιμιίχιρ
357 3539 385 3586 et
405 3529 541 3606 ταφῆναι
561 3520 596 3584 da
616 3544 673 3582 ουν
692 3517 738 3580 uir
749 3527 798 3580 ιιιλ
818 3542 862 3605 rip
878 3519 1100 3608 Καλλιμάχῳ
1093 3550 1120 3588 ιιι
1141 3533 1195 3590 lroc
1213 3469 1306 3608 caused

120 3645 126 3653 ·
221 3622 355 3681 aduersae
379 3622 528 3694 fortunae,
548 3639 603 3697 qun
631 3619 828 3696 Apollonius
821 3638 848 3676 ιιι
875 3621 1018 3680 recitando
1036 3628 1167 3682 camnine
1186 3646 1249 3683 ursus
1267 3635 1306 3698 ests

220 3715 305 3774 luisse
324 3717 454 3775 indicant.
1144 3723 1149 3734 '

297 3809 404 3872 Verum
423 3820 459 3867 et
477 3777 546 3882 boc,
574 3819 602 3864 et
629 3807 769 3883 quomodo
797 3807 860 3864 odia
889 3811 1080 3884 exercuerint,
1108 3814 1163 3871 alia
1189 3815 1306 3893 quaeda!

220 3913 301 3977 sunt,
328 3921 401 3979 quae
426 3911 569 3959 testentur.
616 3900 736 3958 Restant
761 3901 925 3959 Callimachi
952 3920 1045 3960 tersius
1071 3919 1199 3966 extremo
1224 3903 1306 3998 bymat

218 3998 246 4061 ln
265 3998 418 4074 Apollinem
441 3995 488 4051 lui:
600 4023 603 4030 ν
1303 4035 1305 4072 t

286 4082 325 4148 0
345 4082 474 4155 Φθίιος
488 4079 692 4155 ’Λπόλλωνος
709 4080 798 4153 ἐς
760 4105 859 4146 ovata
879 4080 1065 4166 adeptor
1036 4109 1147 4149 τιαεν
