2650 4700
210 131 308 248 43
520 163 942 269 =attumnuasouns
1017 169 1020 173 ’

98 380 108 393 “
210 360 333 456 Atque
356 355 408 431 ita
432 355 471 431 te
494 354 626 432 tacitns
648 356 835 456 quaerenti
860 351 963 456 plura
986 352 1190 456 legendnm,

260 461 335 551 Ne,
360 456 458 556 qnod
483 466 556 533 non
581 481 674 559 opus
698 466 768 554 est,
793 459 888 535 forte
912 458 1073 558 loquare,
1098 459 1212 536 dabis.

210 561 383 639 Protinus
409 559 608 636 admonitus
633 568 776 663 repetet
800 585 879 637 mea
902 564 1048 639 crimina
1073 560 1222 660 lector,

259 664 318 745 lit
331 686 489 764 peragar,
512 663 635 764 populi
657 663 823 766 publicus
848 688 919 740 ore·
938 689 1035 740 rens·

157 776 193 837 2⁵
211 765 272 842 'l'n
297 790 402 860 eave,
428 764 614 860 defendas,
640 771 802 867 quamvis
819 766 1038 842 'mordebere
1065 766 1191 863 dietis,

261 867 409 946 Caussa
432 872 634 971 patrocinio
658 895 734 948 non
758 871 855 949 bona
877 873 982 973 peior
1002 870 1081 947 erit.

674 1010 724 1066 25.
762 1004 838 1065 Neu.

169 1140 198 1175 ·.
285 1119 334 1174 21.
374 1131 485 1190 anone
505 1128 566 1179 nnn
585 1129 628 1177 ns
646 1129 801 1175 suerrus.
839 1114 884 1174 Ita
904 1112 1023 1173 Putean.
1042 1130 1060 1171 a
1078 1130 1116 1174 m.
1134 1131 1178 1192 pr.
1198 1108 1304 1170 iamet

208 1199 330 1269 quatuor
348 1191 404 1249 aiii.
443 1193 536 1270 Atque
554 1195 596 1249 itu
615 1197 647 1249 tu
673 1193 778 1249 tacitus
804 1191 868 1249 libri
891 1192 975 1268 longe
999 1190 1119 1268 plurimi.
1161 1191 1251 1265 Teque
1267 1192 1304 1246 ite

207 1274 239 1325 tu
265 1270 367 1326 totitem
391 1268 493 1326 Monet.
520 1277 551 1326 et
574 1267 666 1325 Palat.
692 1285 750 1326 sec.
795 1265 888 1344 Atque
914 1269 957 1326 ito
980 1274 1012 1326 m
1037 1273 1136 1325 coam
1163 1264 1301 1324 Barbatio.

160 1346 163 1355 '
207 1345 359 1419 volgatum
378 1349 482 1403 tacitum
506 1352 584 1402 recte
610 1342 738 1401 defendit
760 1343 948 1402 Burmannus.
995 1343 1087 1402 Versu
1111 1342 1239 1419 sequenti
1246 1358 1303 1425 pre

207 1422 330 1498 vulgato,
351 1420 427 1498 qnod
446 1440 481 1478 eu
500 1420 600 1478 nostris
620 1419 705 1480 Creu.
730 1419 830 1479 habet:
859 1423 904 1477 Ne
923 1438 992 1496 quoe
1008 1438 1064 1478 noo
1089 1437 1159 1496 opus
1177 1425 1226 1488 est,
1246 1418 1303 1495 plu·

206 1515 262 1568 res,
281 1496 310 1554 h.
333 1516 359 1568 e.
397 1496 590 1574 Palea-prim.
609 1494 790 1572 Bern.‘Reg.
810 1497 887 1554 Gall.
907 1495 988 1554 Seru.
1012 1495 1093 1552 Busl.
1117 1495 1197 1552 Leid.
1218 1504 1302 1570 uterq.

94 1615 106 1641 ¹.
146 1584 150 1593 ·
205 1570 397 1649 Rel‚Seguer.
417 1582 446 1630 et
465 1574 611 1631 duodecim
631 1591 694 1628 curn
713 1592 757 1651 pr.
778 1572 823 1630 ed.
844 1573 939 1631 Heius.
959 1572 1079 1651 habeut:
1099 1569 1304 1647 Nequedum

207 1667 276 1725 opus
302 1657 353 1706 cst.
392 1651 438 1706 Nc
461 1646 534 1726 qood
559 1666 629 1726 opus
655 1666 712 1707 ooo
738 1655 780 1706 cst
807 1649 902 1706 Berol.
915 1656 918 1663 “
931 1667 994 1705 cum
1021 1658 1088 1705 vett.
1115 1647 1179 1704 edd.
1198 1649 1302 1704 nostris.

204 1728 244 1783 Et
271 1724 344 1800 quod
373 1743 430 1785 ooo
461 1743 531 1802 opens
563 1731 605 1783 act
632 1724 730 1782 Goclf.
762 1725 873 1783 Pirclrb.
920 1729 960 1782 Et
985 1743 1056 1802 meuc
1079 1742 1135 1782 uon
1166 1723 1237 1801 opus
1266 1728 1302 1779 est

203 1798 294 1860 Palat.
313 1821 369 1860 sec.
409 1802 442 1859 In
461 1803 517 1860 fine
536 1820 630 1858 versus
650 1818 747 1859 omnes
766 1801 849 1858 codd.
869 1811 982 1879 praeter
1000 1820 1098 1874 unum,
1116 1799 1182 1857 editi
1200 1808 1303 1857 veteres

204 1895 321 1937 omnes:
346 1879 460 1956 lemanna
485 1894 557 1936 cave.
598 1877 663 1935 Nic.
690 1878 820 1934 Heinsius
840 1877 1160 1953 emendabatrloquote
1183 1873 1260 1949 dato,
1277 1876 1303 1931 in

144 1968 147 1974 ⁸
202 1955 316 2088 relli'qnis
333 1955 418 2015 libros
437 1965 592 2014 secuturust
630 1955 677 2012 Joc
695 1953 869 2013 Schraderus
889 1962 980 2012 totum
1004 1953 1141 2011 distichon
1163 1952 1204 2010 ita
1222 1951 1304 2012 mnu·

222 2038 305 2090 eat:
924 2060 927 2065 ·

202 2049 222 2107 g
355 2109 456 2183 Doque
473 2108 517 2164 itu
535 2107 685 2164 teteritas
703 2107 845 2181 commenti
862 2103 946 2182 pluro
965 2103 1122 2181 'hommum

391 2185 446 2251 Ne,
466 2182 538 2258 qanod
556 2199 612 2240 nou
631 2200 702 2259 opere
720 2188 770 2250 cst,
790 2180 865 2253 forte
882 2181 1004 2257 loquore,
1024 2199 1132 2240 concas.

202 2255 288 2326 Quod
307 2255 344 2315 ad
360 2259 477 2335 primam
497 2257 696 2316 emendationis
715 2266 826 2334 partem
853 2260 963 2332 attinet,
987 2260 1130 2334 ingeniosa
1153 2265 1196 2315 est
1214 2270 1303 2335 neque

200 2335 330 2394 violenta.
371 2336 413 2392 lta
431 2334 512 2394 huius
532 2335 658 2393 carminis
676 2355 705 2393 u.
725 2333 791 2392 115.
808 2336 903 2412 Deque
921 2335 1060 2411 etAtquc,
1079 2335 1128 2392 lib.
1148 2335 1179 2408 5,
1198 2339 1230 2411 3,
1250 2340 1301 2410 3⁰3

137 2437 141 2442 ·
201 2416 257 2486 323
277 2411 317 2469 50
336 2412 433 2470 similia
452 2410 671 2469 confunduntur.
710 2410 833 2468 Alteram
853 2422 1103 2488 quoquepartem:
1123 2413 1303 2471 coomSan·

200 2490 291 2546 tenins
311 2490 401 2566 inape*
417 2498 501 2565 atque
521 2489 581 2565 ipse
600 2487 774 2546 Schraderus
793 2489 941 2565 probabat.
981 2488 1039 2545 Sed
1068 2497 1180 2565 poterat
1198 2498 1229 2547 et
1248 2490 1303 2547 ele·

77 2573 78 2578 ’
199 2560 310 2639 gentius
330 2575 360 2622 et
377 2565 484 2622 facilins
503 2565 575 2642 legi:
595 2567 659 2622 Neu
677 2582 749 2641 quac
767 2582 822 2622 uon
842 2582 911 2641 opens
931 2572 973 2621 eat
990 2563 1064 2636 forte
1088 2564 1211 2640 lomense,
1231 2577 1309 2624 eam:

199 2642 267 2709 Qua
284 2639 314 2699 in
333 2641 526 2698 emendatione
546 2641 645 2717 utique
664 2640 896 2717 acquiescendum
906 2640 1014 2715 fuisset,
1033 2642 1085 2698 nisi
1104 2659 1166 2697 earn
1184 2643 1303 2721 scriptur

197 2736 269 2791 rann,
296 2736 380 2794 quam
404 2725 537 2793 tanquam
562 2735 640 2773 suam
669 2717 868 2774 correctionem
893 2716 1077 2774 Burmannus.
1095 2716 1221 2794 profert,
1248 2734 1304 2795 quo

197 2794 310 2851 nomine
328 2794 464 2850 immerito
483 2811 500 2850 a
519 2791 677 2850 Schradero
696 2791 836 2866 landatur,
863 2811 991 2871 quaeque
1016 2794 1046 2851 in
1063 2792 1229 2852 Bemmanni
1247 2813 1303 2851 no·

196 2870 233 2926 tis
251 2870 317 2926 item
337 2870 466 2945 ambigue
485 2878 579 2942 extat,
609 2878 642 2926 ut
658 2887 714 2945 pro
739 2870 897 2926 coniectura
922 2870 1080 2943 Gruterus,
1109 2888 1162 2947 pro
1188 2872 1304 2947 antiqua

195 2946 316 3003 lectione
334 2945 371 3003 D.
392 2946 519 3002 Heinsius
539 2944 702 3018 habuerint,
727 2946 755 3000 in
782 2933 877 3002 codice
901 2944 1029 3004 Palatino
1059 2947 1158 3023 primo,
1178 2950 1304 3004 omnium

192 3022 313 3100 optimo,
332 3021 473 3079 in'ventam
492 3021 576 3079 fuisse
596 3039 613 3080 e
631 3021 778 3078 collatione
795 3023 858 3077 lani
877 3022 1022 3079 Gebhardi
1042 3025 1278 3099 cognovissemus.

146 3112 150 3116 ·
271 3102 321 3156 23.
360 3101 432 3174 unna
453 3114 597 3156 cnmrnn
616 3115 767 3162 smenon.¹
791 3097 834 3153 lta
858 3097 990 3156 Francos.
1017 3097 1137 3157 Putean.
1164 3099 1256 3159 Beru.
1276 3103 1304 3158 ct

193 3182 262 3232 vett.
284 3173 348 3232 edd.
368 3183 481 3252 praeter
498 3174 609 3234 Bonon.
635 3174 748 3252 Reliqui
774 3174 881 3230 Heinsii
901 3183 931 3232 et
948 3176 1037 3233 nostri
1060 3175 1123 3233 libri
1146 3177 1218 3233 mira
1236 3195 1305 3255 per·

123 3261 126 3266 “
193 3249 312 3308 tinacia:
330 3253 464 3309 carmina.
852 3277 855 3282 ·

268 3326 318 3384 25.
357 3345 399 3385 nu
422 3344 506 3385 enus
526 3340 705 3384 nnnunnns.
744 3324 788 3381 lta
813 3325 876 3382 libri
900 3325 1022 3403 plurimi.
1061 3327 1190 3385 Heinsius
1209 3330 1305 3387 male·

191 3401 260 3460 bat:
289 3406 361 3461 Tum
386 3422 460 3461 cuae.
506 3406 566 3461 Nee
597 3400 730 3473 defendes
756 3407 783 3457 tc
810 3401 891 3460 Leid.
917 3403 999 3479 prim.
1026 3405 1087 3461 Nec
1112 3411 1139 3461 te
1164 3403 1305 3478 Mendes

191 3475 272 3537 Leid.
292 3498 350 3538 sec.
389 3479 452 3537 Hoc
471 3495 583 3558 quoqne
602 3496 660 3537 non
678 3478 856 3554 improbabat
874 3479 1012 3536 Heinsius.
1051 3482 1098 3538 Ne
1116 3498 1181 3538 conc
1199 3481 1309 3556 defen-¹

190 3552 244 3612 dos
267 3554 305 3613 sr.
330 3556 401 3614 Rev.
421 3574 439 3614 a
457 3575 513 3614 sec.
538 3575 577 3613 m.
620 3552 691 3611 lnde
715 3553 791 3631 quod
817 3555 944 3612 eliciebat
968 3556 1114 3615 Heinsius:
1139 3560 1206 3614 Neu
1236 3553 1309 3620 coos}

189 3630 219 3688 in
238 3631 447 3690 Burmanniana
466 3630 711 3711 etposten‘oribus
739 3630 905 3689 editionibus
930 3631 1072 3707 proditum
1100 3641 1152 3692 est.
1190 3634 1251 3692 Alii
1271 3635 1309 3694 li-l

189 3705 233 3764 bri
252 3706 381 3766 dicuntur
399 3709 542 3766 habuisse:
562 3712 614 3765 Me
632 3723 698 3764 cone
714 3714 744 3764 et
765 3709 805 3764 Tc
821 3724 895 3766 cene.
933 3707 995 3766 Nos
1013 3718 1128 3786 praeter
1145 3711 1309 3772 necessita-¹

73 3798 78 3811 ‘
188 3790 246 3842 tenu
264 3785 447 3861 plurimorum
466 3786 658 3843 anctoritatem
675 3800 733 3860 non
752 3785 962 3842 contemnimus.
1097 3789 1110 3804 ‘'

264 3862 314 3919 26.
354 3877 424 3933 uon,
440 3878 530 3920 noun
550 3876 648 3919 ennon
668 3876 757 3917 saur.
796 3860 838 3917 Ita
858 3861 933 3918 Gall.
961 3860 1041 3940 anl.
1060 3861 1198 3940 aprima,
1221 3860 1305 3957 Reg.

186 3949 279 3995 esec.
299 3955 337 3995 m.
358 3948 387 3995 et
405 3947 525 4016 quatuor
544 3936 650 3995 Heinsii
669 3953 733 3993 cnm
756 3935 891 4013 florilegio
916 3936 1012 3996 Beml.
1039 3941 1140 3997 maior·
1155 3941 1211 3997 erit
1230 3941 1309 4000 mim

184 4012 235 4145 poi
252 4013 324 4075 libri.
362 4014 492 4072 Heinsius
516 4013 633 4073 eandem
657 4012 812 4090 scripturae
830 4013 1015 4074 diversitatem
1041 4015 1069 4073 in
1088 4013 1168 4072 ibide
1186 4034 1215 4075 v.
1238 4019 1309 4075 410

147 4139 158 4159 ,
183 4090 355 4225 taeprelppudi
374 4098 403 4149 et
421 4091 561 4168 vulgatam
579 4083 598 4151 ‘e
615 4105 698 4149 versu
714 4089 813 4149 ultimo
839 4107 924 4150 carm.
944 4096 973 4151 2.
993 4090 1041 4149 lib.
1061 4092 1090 4150 4.
1109 4090 1166 4150 huc
1184 4091 1310 4172 repeti-l

214 4181 242 4223 m
262 4168 287 4223 r·
307 4168 347 4227 eri
367 4168 481 4228 notarit.
1308 4179 1309 4188 ’
