2650 4700
324 161 830 231 imminuamus
1022 172 1104 253 m

24 346 116 448 iace,
140 373 283 447 novem,
306 358 435 431 vestra
458 350 570 430 liceat
591 349 745 446 dixisse,
769 374 935 431 sororesr
1112 383 1150 446 a

53 453 136 531 Voe
160 456 251 531 eatis
273 464 422 533 nostrae
450 456 606 532 maxima
629 479 763 533 caussa
786 455 908 556 elgae.

24 556 127 655 liquo
152 556 255 636 dedit
277 559 392 634 iustas
415 559 509 635 tauri
532 558 727 650 fabricator
748 560 862 652 aeui,

55 658 118 736 Sic
143 683 218 759 ego
241 658 290 736 do
313 684 454 763 poenas
477 660 614 739 artibus
637 662 719 764 ipse
742 663 843 738 mela

24 758 69 839 lil
89 760 175 839 mihi
197 762 354 840 debebat
376 786 456 841 cum
480 762 651 843 versibus
673 762 825 865 amplios
849 782 947 855 esse,

54 861 144 942 eum
170 864 332 966 lugerem
355 869 481 942 merito
503 865 701 965 naufragus
725 886 830 943 omne
852 860 1000 963 fretumq
1109 892 1149 953 ω

24 962 65 1057 lt,
86 974 188 1068 puto,
212 971 245 1042 si
270 967 419 1045 demens
442 967 597 1044 studium
619 967 732 1045 fatale
755 972 944 1064 retentem,

28 1068 119 1155 ,llic
144 1070 227 1145 mibi
248 1071 437 1172 praebebit
461 1071 627 1147 carminis
649 1095 747 1147 arma
770 1070 887 1147 locus.

24 1166 90 1255 Non
112 1171 208 1248 liber
231 1172 291 1250 hic
316 1173 423 1268 nllus,
443 1196 515 1250 non
538 1175 597 1272 qui
621 1172 704 1248 milri
727 1168 929 1252 commodet
951 1190 1084 1267 aurem,

55 1271 251 1374 Verbaque
273 1276 479 1375 significent
503 1275 588 1376 quid
611 1299 704 1367 mea,
727 1277 834 1368 norit,
858 1272 975 1351 abab

24 1360 126 1452 bunia
146 1378 337 1456 barbariae
357 1379 442 1457 loca
466 1385 561 1474 sunt,
584 1380 762 1479 vocisque
784 1376 936 1472 ferinae,
1111 1393 1149 1454 ao

24 1477 195 1555 *Omnia
219 1488 303 1557 aunt
327 1481 448 1559 Getici
495 1480 582 1559 lena
605 1484 731 1558 timore
756 1483 849 1557 soni.

24 1576 84 1681 lpse
105 1581 190 1658 mibi
215 1583 345 1662 videor
369 1587 438 1661 iam
463 1507 685 1687 (benidicisse
709 1584 860 1661 Latinos

192 1804 198 1807 a
314 1770 365 1828 49.
402 1767 548 1828 debuerat.
624 1765 674 1825 50.
712 1764 781 1826 Seu.

55 1942 85 1983 ne
100 1942 162 1986 exc.
181 1925 264 1986 Voss.
300 1927 382 1988 Vera.
409 1927 459 1986 45.
497 1929 579 1989 bucol
604 1934 698 1986 orabo
723 1933 792 1985 vett.
817 1920 884 1984 edd.
921 1920 1003 1981 liceri
1019 1914 1102 1978 nudo

51 2007 213 2062 ,uMuuoa
229 2005 294 2061 lun.
331 2004 413 2064 Vera.
432 2008 481 2066 47.
521 2003 582 2065 naa.
600 2007 695 2062 iussos
719 2001 807 2063 Goth.
846 2002 927 2061 Vere.
947 2000 996 2060 48.
1033 2013 1102 2076 puu-

24 2092 59 2136 uu
72 2079 196 2139 eoeaibna
211 2082 272 2158 ipae
290 2080 355 2140 Put.
374 2078 484 2140 Pirckb.
503 2092 532 2141 et
551 2082 630 2139 alius.

24 2226 26 2231 ,
79 2174 127 2232 49.
168 2189 332 2233 nraaanr.
370 2173 499 2234 denual
516 2176 589 2234 Mor.
607 2172 688 2235 Leid.
707 2173 790 2251 prim.
811 2170 876 2243 Rel.
895 2178 925 2231 et
943 2167 1025 2233 alius·

79 2251 126 2310 50.
168 2265 235 2308 ocur
254 2267 418 2313 euasurus.
457 2253 500 2310 lta
518 2251 755 2310 consensuPalat.
775 2251 856 2327 prim.
877 2257 908 2308 et
926 2247 1002 2321 Itali,
1019 2244 1103 2325 prim.

24 2312 97 2404 intio.
117 2326 216 2385 Guels.
234 2330 315 2405 a'pr.
343 2346 380 2385 m.
425 2328 486 2387 rim.
516 2326 598 2388 Polit.
623 2329 698 2406 Reg.
724 2327 804 2386 Busl.
829 2325 942 2385 Pirclb.
969 2321 1105 2383 Francos.

25 2409 62 2459 res
83 2403 129 2461 alii
153 2412 182 2461 et
207 2403 288 2494 prim.
314 2403 360 2462 ed.
399 2348 433 2464 11
456 2406 579 2481 superem
606 2405 718 2463 Bersm.
744 2413 774 2462 et
801 2414 922 2479 quatuor
946 2421 1008 2459 cum
1033 2410 1102 2460 vett.

25 2477 70 2558 pl.
103 2479 217 2557 Reliqui
235 2480 297 2537 libri
315 2499 378 2537 cum
398 2482 501 2540 Gotb.:
523 2481 579 2541 Sed
595 2481 728 2556 superno.
767 2481 864 2537 orento
883 2476 1004 2553 superem
1022 2478 1103 2535 Serv.

25 2554 160 2615 riderem.
198 2556 279 2614 Vera.
305 2556 353 2615 51.
392 2558 479 2617 studii
503 2557 529 2630 s.
548 2564 686 2633 repentem
711 2554 799 2613 Gotb.
838 2552 923 2616 Vens.
951 2555 999 2612 53.
1037 2551 1106 2610 mibi

25 2631 140 2784 pupinus
156 2650 218 2691 cur.
238 2633 355 2767 Gottppm
365 2634 449 2767 verb
467 2635 516 2692 54.
559 2634 701 2711 Verbaque
718 2635 745 2690 ei
761 2632 871 2692 realem
888 2633 937 2709 qui
953 2649 1016 2690 meo
1032 2630 1107 2707 ch·

45 2706 292 2767 ‘.e.norit'
372 2713 460 2769 Got.
684 2727 686 2732 ·

79 2801 129 2860 55.
169 2819 375 2861 numanum.
414 2803 559 2863 barbarico
577 2804 661 2881 prim.
680 2801 766 2863 Polit.
802 2800 1106 2862 barbaricarum.

25 2873 88 2935 loss.
126 2879 199 2936 Hinc
224 2898 281 2936 non
306 2881 379 2938 male
400 2881 532 2939 Heinsius
555 2880 712 2940 divinabat:
742 2877 912 2938 barbaricae.
951 2881 1042 2955 Atque
1066 2876 1107 2933 ita

25 2953 142 3015 bGotb.
161 2974 214 3032 pro
232 2973 294 3014 var.
314 2975 368 3014 scr.
388 2953 500 3034 legitur.

83 3045 131 3106 56.
172 3063 281 3109 omnia
300 3067 386 3107 sunu
407 3068 527 3112 oarrcr.
567 3050 646 3107 Haec
664 3048 800 3127 scriptura
818 3046 865 3105 ecl.
903 3045 965 3103 Aldi
980 3054 1009 3103 et
1025 3041 1108 3103 codd.

26 3135 101 3215 leque
118 3123 282 3199 multorum,
301 3139 394 3204 neque
413 3128 604 3204 egregiorum,
629 3126 798 3203 interpolata
823 3122 940 3191 videtur,
959 3139 993 3179 ac
1011 3138 1048 3178 ne
1065 3120 1109 3178 in·

26 3197 94 3277 elligi
112 3200 225 3277 quidem
243 3210 347 3279 potest.
390 3204 494 3263 Omnia
516 3201 654 3262 barbarici
678 3203 795 3277 Seguer.
838 3199 942 3259 Omnia
960 3196 1112 3258 emeat

26 3276 93 3354 guoti
111 3276 228 3335 Heiusii.
270 3280 374 3346 Omnia
393 3282 441 3355 qui
459 3286 577 3358 posenni
599 3277 678 3335 Busl.
698 3287 727 3337 et
745 3278 876 3354 quinque.
919 3274 1023 3335 Omnia
1031 3290 1111 3409 ἅνω
1133 3349 1136 3356 ‚

26 3359 126 3412 urent
144 3353 234 3411 Goth.
248 3355 346 3432 Reg„
365 3358 413 3434 qui
432 3358 461 3414 in
477 3355 607 3447 reliquis:
625 3354 710 3433 pluro
727 3357 826 3432 timore
844 3352 930 3429 loqui,
947 3352 1012 3410 Pnt.
1061 3350 1111 3412 all.

26 3425 90 3488 lerr.
116 3427 210 3489 Pelet.
237 3441 326 3509 uterq.
355 3432 488 3491 Francos.
511 3430 643 3505 Proin,
670 3431 764 3508 quiin
791 3430 864 3487 finer
890 3431 1112 3507 cirrotecam,

26 3501 93 3564 brer.
120 3514 188 3564 octo
207 3508 253 3564 ulii
272 3518 301 3565 et
321 3517 388 3568 vett.
414 3509 498 3583 edd.,
525 3526 613 3587 quaer
638 3510 737 3567 lictore
760 3499 874 3565 conant.
915 3508 1018 3565 Omnia
1042 3521 1117 3582 quoa

26 3584 122 3656 leniat
139 3581 204 3640 Rei.
243 3583 276 3642 si
293 3585 364 3643 nolis
382 3605 445 3643 curn
464 3586 578 3645 Heinsio
596 3583 732 3641 distichon
744 3584 936 3674 proscribere,
952 3583 980 3639 iu
1001 3579 1042 3639 bis
1060 3598 1112 3638 ve-

26 3673 74 3713 rum
99 3657 264 3718 delitescere
287 3661 381 3719 debet.
419 3665 479 3720 luc.
507 3662 666 3720 Gronovius
691 3659 867 3719 coniciebant:
897 3659 1000 3717 Omnia
1026 3661 1112 3718 Mos-

26 3736 84 3804 teni.
122 3736 148 3791 A
166 3736 303 3813 scriptura
322 3738 384 3795 cod.
404 3739 517 3797 (icelii
542 3739 644 3796 Ornnio
662 3755 714 3812 que
731 3739 839 3813 peucini
858 3754 912 3793 coo
933 3737 984 3793 nisi
1002 3736 1121 3813 apicum·

26 3810 117 3869 unone
135 3810 255 3880 (inmte,
271 3816 425 3891 Omniaque
449 3814 607 3891 instillare
630 3820 660 3869 et
678 3812 708 3888 b,
728 3814 769 3870 esi
792 3830 856 3868 curn
880 3811 982 3869 sicilico
1008 3823 1037 3869 et
1061 3813 1113 3882 uti,

27 3883 101 3963 ipro
130 3886 170 3945 lia
187 3897 216 3946 et
235 3894 248 3945 1
266 3891 382 3948 confusa
407 3902 481 3951 suut.
519 3891 600 3947 Nosti
625 3890 692 3947 talia
718 3887 891 3947 Gronovinm
916 3898 945 3947 et
969 3888 1111 3946 Marklan-

27 3957 77 4019 brm
100 3962 242 4021 interdurn
272 3970 421 4027 monuisse.
466 3969 528 4026 lam
562 3984 628 4024 vero
653 3965 797 4043 pulchram
827 3963 1015 4039 gradationem
1045 3981 1111 4040 per·

27 4038 102 4097 nude
129 4040 205 4097 cocis
234 4039 386 4119 barbarae,
412 4045 534 4118 imaue,
566 4042 686 4102 bestilia.
732 4042 894 4100 Postremae
920 4039 1114 4121 appellationis

27 4113 179 4189 &scemata
196 4128 263 4176 sunt
283 4122 383 4198 Getici,
402 4122 565 4195 Samnitai,
584 4119 730 4179 barbariei.

758 4224 837 4291 21⁸
