2650 4700
200 169 263 254 η
563 159 739 230 muttum
756 158 936 233 uacuum.

701 345 807 430 mu

200 466 258 601 ,In
283 523 393 619 eaput
415 514 490 594 alta
513 540 616 593 suum
638 514 804 594 labentur
828 514 875 595 ab
900 538 1058 619 aequore
1082 527 1181 605 retro

258 619 426 696 Flumina
453 620 645 700 conversis
672 617 812 722 Solque
836 629 1000 698 recmret
1017 623 1138 724 equis;

99 721 102 730 ’
201 718 325 799 'ferra
350 722 442 800 feret
465 721 604 816 stellas,
629 721 770 798 coelum
795 722 950 799 findetur
975 733 1107 820 aratro,

253 824 365 902 Vnda
385 825 483 901 dabit
507 826 663 902 flammas
688 834 726 902 et
752 821 850 900 dabit
873 826 970 925 ignis
996 852 1129 926 aquas3

170 924 333 1006 ⁵0mnia
358 936 507 1003 naturae
531 934 770 1031 praepostera
794 926 936 1026 legibus
959 928 1091 1008 ibunt„

251 1032 415 1152 Parsque
440 1054 542 1104 sunm
566 1029 686 1105 mundi
708 1028 806 1105 nulla
830 1031 967 1108 tenebit
989 1033 1081 1124 iter3

201 1129 329 1210 Omnia
352 1158 422 1208 ram
444 1132 543 1226 fient,
567 1132 646 1208 fieri
673 1155 766 1231 quae
791 1157 903 1234 posse
928 1134 1115 1233 negabam,

250 1234 302 1312 Iu
326 1234 412 1310 nihil
436 1244 504 1325 est,
529 1234 577 1313 de
602 1257 674 1335 quo
700 1260 773 1312 nou
798 1238 844 1310 sit
869 1234 1034 1312 habenda
1058 1236 1162 1313 fides.
1215 1230 1224 1245 ‘

106 1423 111 1432 .
200 1335 305 1414 Haec
329 1360 402 1436 ego
421 1337 611 1431 vaticinor,
637 1338 720 1435 quia
744 1362 821 1412 sum
843 1336 1021 1440 deceptus
1046 1338 1092 1414 ab
1120 1338 1197 1434 illo,

153 1450 192 1512 tc
256 1440 430 1518 Laterum
454 1441 585 1517 misero
610 1463 714 1539 quem
738 1439 820 1515 mibi
845 1441 952 1520 rebar
977 1464 1091 1542 opem
1198 1457 1221 1462 '*

155 1609 158 1620 .
204 1538 374 1618 Tantane
395 1550 445 1633 te,
467 1541 595 1632 fallax,
617 1564 751 1641 cepere
778 1542 912 1619 oblivia
937 1545 1062 1638 nostri,

253 1644 506 1743 Afflictumque
531 1644 597 1718 fuit
621 1652 742 1718 tantus
768 1644 869 1720 adire
895 1648 1008 1738 timor,
1144 1709 1177 1722 ,.

202 1743 258 1822 Vt
283 1770 401 1846 neque
425 1747 642 1847 respiceres,
669 1770 739 1823 nec
763 1747 927 1825 solarere
948 1750 1136 1837 iacentem,
1215 1831 1226 1844 ¹·

252 1852 365 1945 Dure,
388 1872 460 1927 nec
482 1850 682 1950 exsequiae
706 1873 969 1952 prosequerere
993 1845 1119 1927 meast

357 2003 404 2059 12.
442 1999 619 2060 Afflietumns
636 2029 677 2047 «-
694 1999 796 2080 pudor.
873 2002 922 2061 14.
942 2017 1035 2080 neque
1052 2013 1152 2078 excqu.

715 2126 790 2188 Vlll.

278 2205 312 2291 ln
330 2231 399 2312 Sag.
428 2236 585 2296 annectitur
611 2235 708 2314 priori.
747 2235 848 2294 lnscrr.
866 2232 914 2295 Ad
932 2213 1197 2313 curimmr'tcpldum
1214 2228 1307 2289 Friuo-

202 2305 260 2368 ccf.
302 2309 406 2370 deutra
423 2311 532 2387 fetuum
555 2316 683 2373 animum.
728 2314 771 2371 Dc
816 2321 876 2373 tum
902 2310 978 2387 sclao
1006 2316 1087 2373 Naso
1113 2329 1143 2371 sc
1165 2314 1306 2368 monstrnt

201 2388 292 2452 aurion
309 2386 405 2448 Berol.
443 2391 564 2448 Versum
588 2391 707 2448 eundem
733 2388 797 2448 Pirc
817 2390 846 2450 b.
893 2393 930 2450 lo
948 2392 1085 2467 amicum,
1115 2389 1161 2466 qui
1179 2385 1222 2445 illi
1239 2384 1305 2464 pol-

202 2462 312 2523 licitum
329 2460 412 2538 fidem
430 2465 553 2541 properet
571 2467 635 2525 edd.
655 2475 723 2526 vett.
743 2476 820 2525 octo.

282 2547 311 2600 l.
349 2559 513 2601 mensur
531 2561 620 2603 nura
641 2560 730 2602 suum
753 2560 940 2604 causarum.
980 2546 1014 2603 ln
1039 2546 1123 2620 caput
1139 2544 1306 2599 commun

202 2615 350 2675 Francius.
388 2619 530 2678 coloratur
549 2620 584 2679 cb
603 2639 684 2695 corpu.
722 2619 854 2679 Francos.

280 2697 310 2752 3.
351 2712 528 2755 rrnnrrun.
567 2696 707 2755 sciscitetur
731 2695 814 2756 Seru.
841 2695 920 2755 Busl.
941 2692 1053 2754 Pircklr.
1072 2689 1154 2753 Laid.
1177 2698 1305 2771 uterque,

202 2764 291 2828 Bern.
312 2767 408 2828 Berot
429 2771 514 2835 Creu.
534 2771 581 2831 ed.
601 2772 712 2830 Bouon.

208 2851 212 2861 '
281 2849 329 2903 ll.
369 2863 499 2904 carnus.
536 2854 645 2905 mirum
662 2848 735 2904 alter
752 2846 837 2905 Polit.
857 2855 887 2905 et
905 2846 971 2908 Rel.
990 2864 1007 2903 a
1026 2863 1070 2923 pr.
1090 2863 1130 2909 m·

281 2924 329 2981 12.
372 2939 634 2998 nestrorumque.
679 2925 722 2981 lta
748 2924 810 2982 libri
827 2931 983 3002 3qnctquot·
1004 2922 1120 2999 inspecti
1153 2928 1219 2979 suut
1242 2936 1304 2975 cum

204 3006 274 3058 vett.
296 2996 362 3061 add.
389 2999 530 3057 omnibus:
556 3001 641 3077 idque
668 3013 780 3076 praeter
808 3002 1000 3057 necessitatem
1025 3000 1060 3055 ab
1080 2997 1194 3055 HeinsIo
1211 3012 1303 3052 corre·

205 3083 280 3130 ctum
305 3074 333 3130 in
355 3071 537 3148 Afflictumuc
562 3076 747 3133 reuocandum
775 3074 893 3135 ridetur.
930 3077 973 3135 Ita
998 3076 1081 3133 etiam
1093 3092 1174 3207 lpuae
1198 3072 1304 3131 diversa

206 3158 272 3209 sunt
297 3166 354 3208 nou
382 3152 468 3208 semel
487 3171 505 3209 a
523 3153 613 3230 poetis
641 3153 817 3229 copulantur.
862 3153 930 3210 Her.
956 3157 986 3226 2,
1006 3155 1055 3209 90.
1118 3158 1171 3208 ast.
1200 3155 1229 3223 1,
1247 3152 1302 3204 sot

205 3244 251 3303 sq.
289 3226 391 3304 Neque
410 3227 544 3285 hocloco
563 3247 597 3286 nc
614 3228 650 3286 de
672 3230 757 3285 rebus
776 3228 886 3286 incertis
905 3228 1031 3305 quaerit,
1056 3227 1106 3285 sed
1132 3227 1169 3284 da
1187 3225 1304 3283 certissi-

206 3302 259 3359 mis
278 3302 418 3377 affirmat3
444 3304 511 3381 quid
532 3306 649 3375 intersit,
680 3305 767 3362 disces
787 3305 934 3380 aXCatullo
959 3307 1009 3378 64,
1035 3307 1091 3361 178
1109 3338 1148 3349 -
1168 3306 1234 3360 183.
1272 3301 1303 3357 Ιιι

204 3377 262 3437 fine
289 3397 383 3437 versus
408 3379 586 3438 Burmannus
612 3382 847 3439 correctiunculae
871 3380 1015 3438 iaciendas
1039 3380 1127 3456 gratia
1153 3398 1206 3458 pro
1222 3379 1305 3436 tiator

206 3454 340 3533 plurimos
358 3457 475 3534 scriptos
495 3458 579 3515 libros
598 3456 754 3514 exhibuisse
780 3457 871 3536 pudor
895 3457 1010 3514 tradidit
1033 3456 1118 3534 idque
1142 3464 1303 3532 argumento

205 3540 308 3608 parum
324 3530 427 3589 idoneo
446 3533 474 3591 iu
494 3533 618 3591 ordinem
638 3534 753 3610 recepit.
792 3536 829 3591 At
852 3551 919 3591 raro
946 3541 1054 3590 constat
1072 3551 1107 3590 ex
1129 3534 1205 3590 cinni
1223 3527 1303 3589 codd.

207 3624 323 3665 numero
347 3614 454 3666 tautum
478 3609 680 3686 Seguerianum
705 3609 734 3666 id
760 3608 904 3679 babuisse,
935 3618 994 3667 tum
1025 3607 1215 3666 Buslidiannm
1242 3622 1302 3663 cum

204 3682 431 3742 Franccsurtauo
449 3703 501 3762 pro
522 3705 579 3742 var.
599 3705 655 3743 scr.
675 3703 693 3742 a
711 3686 833 3743 secunda
852 3703 945 3742 manu.
986 3683 1092 3744 Omnes
1111 3684 1302 3762 reliqui'llein·

205 3759 251 3833 sii,
269 3759 355 3816 Bern.
376 3771 405 3818 et
430 3762 536 3819 nostrir
562 3764 656 3835 tirrror,
682 3762 733 3819 nisi
752 3763 828 3839 qnod
846 3763 875 3819 in
892 3760 930 3818 ir.
950 3759 1020 3820 Rev.
1047 3760 1128 3818 liuius
1150 3762 1302 3838 scripturae

207 3853 281 3911 quae
300 3837 366 3892 oiim
385 3838 474 3912 glossa
493 3840 586 3895 tuerat
604 3839 750 3896 exstabat:
770 3847 869 3896 matus.
908 3837 990 3896 Vers.
1014 3856 1074 3917 seq.
1105 3840 1232 3915 respicies
1248 3835 1301 3892 Pa-

206 3911 256 3970 iat.
275 3912 356 3989 prim.
385 3913 522 3971 cutientem
542 3914 685 3971 Francius.

286 3992 331 4049 14.
371 4007 431 4047 nac
459 4008 650 4064 exsequias.
689 3990 796 4049 Duram
815 3989 937 4048 frontem
956 3988 1109 4048 Burmanni
1133 3987 1217 4045 modo
1236 3984 1303 4042 ridi-

136 4088 140 4099 ‘
208 4083 284 4137 mns3
311 4066 365 4122 iam
385 4077 413 4122 et
432 4065 519 4141 duras
540 4085 638 4138 auras,
667 4068 732 4144 quir
759 4085 843 4144 troque
868 4070 1018 4143 cuaqntus,
1044 4064 1118 4144 quod
1138 4067 1256 4141 primmn
1274 4063 1300 4149 iu

207 4140 307 4199 didius
332 4141 455 4207 secunda
480 4143 546 4202 anni
574 4146 660 4218 1516,
689 4153 747 4202 tum
768 4165 794 4202 m
821 4142 958 4201 nonnullis
985 4141 1126 4221 usquead
1145 4142 1182 4200 D.
1203 4140 1302 4199 meinai
