2650 4700
243 162 326 263 p„
696 164 894 240 monuero

241 352 724 445 ,manumittantur
742 351 861 435 muru,
885 357 957 420 alter
979 355 1226 439 Plusgyriermiu
1249 375 1283 415 i„

243 445 357 518 riarum
374 450 483 530 scripsit
500 459 529 509 et
546 448 620 523 forts
636 470 702 528 spos
720 468 783 509 ouer
800 449 897 510 ducere
920 450 1020 512 dicitur
1038 455 1075 512 ab
1092 455 1207 518 Horatio
1228 468 1271 519 uc

242 557 294 626 10,
313 550 363 606 44.
384 544 446 605 Cir.
472 542 568 619 od.'l,
587 545 617 619 6,
638 549 666 602 1.
706 544 797 622 Atque
821 543 898 617 aliis,
928 563 1014 623 quam
1038 546 1108 617 illis,
1133 568 1185 606 cur
1208 568 1236 610 ss

242 644 402 706 interiorem
419 637 525 714 iaceret
536 657 562 695 r.
574 640 622 695 73.
634 636 714 712 631,
733 637 801 695 nihil
818 646 879 696 erat
896 655 1008 700 causae.
1043 637 1140 699 Altero
1149 637 1212 702 looo
1224 649 1266 704 ai
1277 654 1292 707 ej

517 728 594 789 Illud
611 738 672 790 erut
685 749 807 807 mopsus
823 729 979 803 fertilitatis
997 711 1068 812 opus

242 828 366 911 quamtis
383 845 440 887 uon
457 825 600 903 ignorem,
624 833 694 902 quot
711 823 800 882 modis
817 825 904 903 accipi
922 828 1024 903 possit,
1048 821 1116 888 nihil
1141 837 1230 891 tamer

242 926 280 988 de
295 919 475 996 iisdem'plim
494 915 647 976 clarissimis
666 917 755 996 poetis
773 918 904 995 cogitare.
943 920 1028 979 Certe
1051 922 1136 1000 igitur
1155 923 1220 982 nihil

239 1020 293 1093 ut,
312 1015 425 1096 opinor,
446 1010 591 1091 quominus
609 1011 700 1089 ipsum
719 1008 812 1070 Ovidii
829 1010 1020 1094 infortunium,
1047 1015 1095 1093 qui
1117 1014 1247 1074 iudicante
1281 1043 1285 1063 ι

158 1175 176 1192 ,f
238 1114 293 1174 otio
311 1112 363 1169 Pio
381 1104 458 1185 apud
476 1106 612 1163 Senecam
634 1105 705 1164 Exc.
725 1112 814 1164 contr.
833 1108 863 1179 ³,
882 1107 1054 1166 7.seeu1un
1076 1126 1158 1168 suum
1175 1129 1227 1168 nou
1240 1127 1281 1168 m·

156 1194 158 1202 ’
239 1204 380 1266 amatoriis
399 1201 522 1274 artibus,
552 1197 705 1258 sedetiam
725 1198 866 1257 sententiis
891 1198 1065 1277 repleverat,
1090 1203 1233 1264 contulisse
1258 1233 1260 1251 1
1288 1230 1289 1233 1

237 1293 308 1358 nibil
326 1305 466 1374 putemus,
486 1301 518 1350 ut
535 1300 638 1370 poetae
661 1291 779 1370 posthac
803 1291 938 1370 Principis
963 1293 1092 1352 iudicium
1112 1295 1150 1354 ds
1189 1295 1271 1347 etim

235 1390 370 1451 faciendis
389 1386 536 1446 studiosius
563 1397 754 1464 sequerentur.
793 1387 857 1470 Hoc
879 1385 940 1463 ipse
965 1385 1080 1446 Ovidius
1103 1397 1217 1448 testatur
1236 1388 1283 1446 Tc*

137 1506 139 1513 ·
177 1508 178 1516 1
233 1486 385 1561 s,1‚2s,
404 1481 459 1539 241
500 1478 579 1551 Quod
597 1484 731 1555 superest,
750 1478 838 1536 socios
858 1478 894 1535 ad
913 1480 1025 1558 publiea
1043 1484 1166 1542 carmina
1182 1481 1246 1564 fleri,

152 1579 157 1590 ¹
538 1576 578 1631 Et
595 1590 727 1630 memores
744 1573 816 1630 iussi
833 1575 953 1637 uomitus
971 1591 1029 1632 esse
1046 1577 1115 1650 mei3
1139 1583 1143 1589 '
1291 1638 1294 1645 ,

153 1655 156 1676 ’
233 1671 287 1732 ubi
301 1668 374 1744 ride,
393 1683 467 1746 quae
484 1674 621 1726 notamus.
642 1666 767 1724 ‘Totam
783 1665 867 1742 igitur
891 1665 964 1728 hanc
986 1685 1103 1743 poeseos
1121 1667 1249 1727 Romanae
1265 1684 1295 1727 --s

233 1774 323 1842 utem
341 1772 405 1839 post
423 1778 527 1818 annum
544 1761 601 1817 761
621 1766 652 1814 et
670 1754 831 1834 principatu
846 1758 953 1820 Tiberii
971 1758 1087 1820 dixerim
1111 1778 1207 1820 eorum
1226 1759 1256 1818 u
1280 1800 1281 1803 1

231 1858 282 1936 qui
301 1872 467 1936 quacunque
484 1853 512 1910 iu
530 1870 563 1912 re
581 1849 734 1928 potuerint,
758 1850 911 1910 Caesarum
933 1853 1069 1912 voluntati
1085 1871 1119 1913 se
1140 1853 1294 1932 emancipare

230 1953 305 2026 rint,
337 1950 378 2007 uti
410 1949 498 2005 bonos
530 1946 602 2003 eires
635 1942 857 2022 profligatissimo
889 1945 1057 2023 reipublicae
1087 1956 1164 2006 statu
1193 1965 1239 2025 opu
1255 1970 1265 1995 1

230 2046 375 2106 Rabirium
401 2042 481 2102 buius
505 2037 622 2096 instituti
643 2046 785 2096 auctorem
815 2037 901 2097 fuisse
932 2041 1085 2117 putaverim
1093 2062 1107 2099 s·
1135 2039 1186 2100 nisi
1206 2039 1296 2097 sums

229 2137 317 2195 rerba
329 2134 432 2208 Ovidii,
452 2136 583 2191 Seuemm
593 2133 680 2189 nam
697 2129 806 2189 dedisse
823 2133 914 2208 repete
932 2151 1053 2208 sermm,
1072 2135 1192 2207 obstant,
1207 2130 1237 2189 de
1249 2125 1291 2208 qu'·

229 2228 283 2289 bus
304 2228 359 2288 rid.
376 2225 528 2286 Wei'cbert.
546 2223 584 2294 ds
601 2221 691 2286 Vario
709 2242 740 2301 p.
761 2222 828 2284 150.
866 2224 926 2285 Sed
944 2244 981 2285 ex
995 2227 1079 2301 illius,
1102 2223 1220 2299 Rabirii,
1245 2246 1292 2283 ι

228 2322 331 2382 mentis
348 2321 460 2382 elucere
478 2313 738 2399 quiddam-ridetur
755 2316 912 2378 imitationis
937 2318 1108 2391 Ovidiauae,
1132 2326 1234 2400 praeter

110 2436 113 2445 ’
228 2417 374 2495 gibauam,
401 2432 486 2494 quam
516 2412 553 2469 ab
575 2411 771 2488 interpretibus
799 2414 960 2491 saepissime
981 2423 1106 2472 notatam

227 2513 259 2571 in
277 2509 429 2586 Kreyssigii
448 2528 475 2567 r.
494 2505 550 2565 dss.
569 2505 641 2563 notu
659 2503 862 2578 (Commentat.
887 2503 925 2565 dc
939 2502 1059 2564 Sallust.
1083 2506 1209 2586 fragmm.
1236 2535 1264 2554 -1-

226 2603 377 2673 nae1835
397 2621 427 2680 p.
447 2605 516 2660 119.
535 2600 622 2677 sqq).
648 2597 814 2657 Ouidianum
832 2607 876 2657 est
892 2594 947 2658 ool.
967 2604 998 2674 2,
1020 2619 1048 2659 r.
1067 2602 1097 2658 4.
1121 2602 1241 2681 (lospsrst
1259 2629 1276 2652 „

224 2699 314 2772 coepit
331 2712 350 2752 a
367 2694 427 2755 Fes
446 2696 613 2768 restitutum,
632 2691 684 2751 cfr.
703 2689 833 2770 Madvigii
856 2710 953 2770 opmc.
976 2692 1064 2752 Acad.
1081 2713 1112 2772 p.
1132 2693 1195 2770 VL,
1210 2710 1250 2753 nos
1278 2687 1296 2730 1

224 2788 314 2848 Trist.
333 2786 363 2864 ⁵,
381 2787 413 2864 5,
432 2792 469 2862 33
490 2792 518 2863 l,
539 2794 568 2862 1,
583 2789 631 2844 80.
649 2784 717 2843 ibid.
735 2806 763 2843 r.
782 2788 813 2845 7.
838 2804 899 2844 cum
923 2803 1051 2862 summu,
1078 2787 1156 2867 quod
1173 2782 1276 2867 1111

223 2891 366 2962 putamus,
393 2879 446 2942 cfr.
471 2880 554 2938 Punt.
580 2885 612 2954 2,
632 2885 662 2954 1,
681 2880 731 2937 46.
760 2880 823 2938 Am.
844 2887 871 2949 1,
890 2883 919 2950 9,
938 2883 986 2938 37.
1009 2880 1098 2952 ‚Fue
1115 2880 1150 2958 5,
1166 2884 1212 2947 72.
1240 2874 1287 2936 Od-

222 2975 337 3051 &uuus
361 2973 484 3033 colorem
510 2972 638 3032 referunt
661 2971 824 3033 autitbetica
848 2974 896 3032 illa
923 2973 976 3032 ool.
1003 2980 1033 3049 2,
1051 2975 1082 3034 5.
1100 2975 1157 3035 cir.
1181 2972 1286 3045 Tristi,

222 3073 273 3143 11,
292 3072 342 3127 23.
361 3086 404 3145 sq.
425 3067 479 3148 col.
498 3069 530 3141 8,
549 3086 577 3124 r.
599 3073 628 3143 1,
647 3072 690 3142 2.,
711 3066 765 3125 cfr.
782 3065 820 3125 ad
838 3067 891 3125 Tr.
911 3071 940 3143 3,
960 3070 990 3143 9,
1011 3074 1076 3144 11.;
1093 3067 1211 3147 denique
1227 3066 1286 3125 uba·

221 3171 267 3225 tas
286 3162 333 3221 illa
352 3162 405 3223 cel.
424 3159 454 3218 5.
472 3168 503 3218 et
520 3161 550 3218 6.
571 3169 600 3219 et
619 3163 776 3220 orationum
798 3161 865 3220 satis
888 3159 1076 3238 frequentium
1097 3162 1215 3240 argutia,
1234 3172 1288 3238 qutt

220 3255 335 3317 affusa
359 3254 477 3313 ridetur.
523 3257 664 3330 Mopsum
686 3274 735 3329 m,
760 3253 836 3334 quud
862 3252 977 3312 Ovidius
1001 3253 1028 3312 ei
1050 3254 1162 3326 tribuit,
1191 3250 1286 3313 vitans

220 3367 384 3427 agnoscere,
402 3347 472 3407 alius
485 3355 578 3405 tamen
590 3347 679 3424 modi,
698 3352 786 3426 atque
801 3348 877 3407 illam
898 3345 1008 3405 budam
1027 3348 1137 3427 reliqui,
1155 3348 1210 3409 sire
1223 3342 1287 3429 preb.

217 3443 387 3520 posteriores
412 3439 535 3499 eiusdem
559 3422 658 3500 ae'tatis
684 3442 755 3519 epici
780 3439 926 3501 affectasse
950 3439 1087 3498 ridentur.
1125 3436 1289 3503 Plures

216 3534 248 3593 iu
266 3534 384 3613 publicis
408 3542 438 3593 et
461 3532 557 3612 patriis
580 3535 750 3611 argumentis
775 3552 892 3614 operam
915 3543 1084 3612 posueruutc
1108 3533 1185 3614 qnod
1205 3530 1286 3593 inlu·

215 3626 290 3703 gusti
308 3642 387 3703 spem
405 3627 512 3704 gratiae
534 3626 640 3685 factum
667 3626 731 3685 dixi.
769 3626 875 3687 Verum
899 3626 929 3685 in
953 3625 1085 3686 Cornelii
1099 3627 1195 3693 Severi
1209 3640 1287 3685 sur·

210 3718 334 3781 'nimbus
360 3717 477 3779 heroicis
503 3720 626 3798 reliquiis
643 3737 662 3778 a
679 3720 863 3798 grammaticis
888 3720 1003 3779 mersus
1027 3706 1093 3780 ets
1110 3714 1286 3791 munusue.

214 3810 462 3892 quartumrideo,
488 3822 617 3873 accurate
641 3813 763 3872 collectis
787 3813 868 3875 Post.
886 3814 930 3873 M.
948 3815 978 3889 4,
996 3833 1027 3892 p.
1051 3813 1119 3874 225.
1143 3834 1187 3893 sq.

195 3893 202 3986 ’1
213 3915 387 3967 vetustorum
406 3916 435 3966 et
452 3907 640 3966 obsoletorum
658 3906 806 3966 verborum
825 3907 947 3967 studium
973 3908 1161 3989 cognoscitur:
1185 3901 1283 3984 ungu·

212 4017 309 4061 rusus
326 4002 441 4081 inspice,
461 4018 579 4079 quorum
599 4018 697 4074 unum,
715 3997 791 4077 apud
811 3998 919 4059 Charis.
938 4017 969 4078 p.
988 4003 1064 4062 8722
1092 3999 1094 4009 '

326 4135 332 4145 ,
387 4097 586 4157 flammatu
603 4111 668 4173 spes
686 4101 769 4171 utque
787 4095 845 4153 otis
864 4092 948 4171 bopo
962 4103 1128 4174 praesum,
1161 4158 1166 4165 ,
