2650 4700
451 283 454 287 a
484 226 536 284 Al>
555 224 644 282 111111.
825 263 829 273 .
1031 232 1105 310 391
1155 313 1161 336 x

180 410 252 488 Quia
266 410 374 489 omaus
391 409 518 485 norm,
537 412 591 489 aaa
609 428 640 471 re
658 409 707 472 tua'
725 413 851 487 porrigat
869 411 911 469 ira

214 511 325 581 aanor,
343 504 442 583 arridae
458 508 526 563 meis
544 507 633 565 catab
650 502 746 565 aaron
762 500 867 565 naalia?

182 599 314 659 Barbara
331 618 375 657 raa
393 597 475 656 tellus
493 607 548 657 ete.

22 695 155 754 Clarissima
173 692 244 750 baec
261 692 384 751 indicant
412 699 478 749 aute
505 691 615 749 erilium
641 710 723 749 suom
749 689 804 750 iarn
830 691 968 750 inimicum
995 691 1104 754 Ibidem

22 798 142 868 expertum
162 804 225 845 esse
242 796 386 860 uostrnm3
406 785 472 862 quio
491 803 572 841 verso
592 784 650 840 eius
669 786 796 843 carminis
817 785 956 847 secundo:

217 884 320 955 Meque
336 898 415 938 raum
434 879 541 957 dempto
559 875 615 953 rinc
634 885 862 953 martinianam,
1003 875 1007 882 ’

22 971 204 1031 demonstratur
221 970 332 1030 Ibidem
349 974 378 1031 in
397 992 481 1031 cansa
499 972 594 1041 luisse,
612 981 645 1028 ut
670 972 852 1047 relegaretur.
891 971 939 1030 Bis
962 972 1045 1049 igitur
1063 974 1101 1030 ab
1166 977 1170 990 ’
1200 967 1203 972 ’

22 1065 98 1122 eodem
121 1065 235 1125 bomine
258 1066 358 1125 iniuria
387 1067 490 1146 petitus
524 1075 582 1135 est,
615 1073 645 1122 et
668 1064 766 1122 eadem
795 1065 822 1121 in
850 1083 953 1141 causa,
982 1064 1032 1126 cfr,
1058 1066 1100 1125 lb.

22 1176 39 1215 r.
53 1163 95 1233 13,
113 1159 165 1218 14:
209 1158 384 1239 Vulneraque
401 1151 516 1219 immitis
532 1160 651 1236 requiem
670 1157 831 1234 quaerentia
847 1166 942 1234 urant,

252 1258 347 1315 lactat
366 1262 393 1313 et
410 1259 441 1313 in
459 1262 517 1314 toto
536 1254 652 1311 cannino
671 1256 769 1308 nostra
786 1249 862 1324 foro.

22 1343 91 1412 Quale
115 1345 143 1402 id
169 1346 226 1419 sit,
260 1365 343 1405 nemo
367 1350 459 1407 animo
489 1344 695 1418 informaverit,
729 1346 796 1421 quin
825 1345 1036 1409 famosissimam
1064 1349 1101 1408 de

22 1439 74 1497 exibi
90 1437 217 1497 Ovidiani
236 1458 320 1498 causa
340 1443 529 1517 quaestionem
557 1437 795 1513 redintegrarent.
834 1440 932 1514 Attigit
948 1441 1025 1499 illam
1044 1461 1101 1499 nu⁴

22 1548 58 1607 per
78 1533 186 1609 elegans
214 1536 287 1591 ritae
314 1533 469 1593 Ovidiauae
494 1543 639 1591 enarrator
662 1532 801 1588 Ernestns
825 1531 861 1587 ab
886 1531 1025 1608 Leutsch,
1052 1534 1101 1611 qui
1171 1590 1173 1597 ,

22 1633 105 1682 veteres
122 1624 353 1685 hallucinationes
371 1627 485 1685 strictim
504 1621 653 1700 recensuit,
673 1624 867 1681 divinationem
885 1644 964 1682 suam
976 1625 1099 1685 addidit.

22 1713 101 1774 lerum
119 1719 270 1791 enimvero,
288 1720 365 1799 quod
385 1738 455 1798 pace
472 1718 620 1776 doctissimi
641 1719 690 1776 viri
710 1717 837 1791 dixerim,
863 1737 919 1776 non
938 1720 1004 1778 satis
1023 1737 1100 1778 asse·
1135 1709 1140 1720 “

22 1812 149 1886 quereias
174 1823 316 1888 mentem,
343 1822 372 1871 et
391 1831 463 1890 quae
490 1831 553 1870 mea
579 1823 622 1870 est
647 1811 827 1890 simplicitas,
851 1814 1005 1872 sententiae
1033 1822 1101 1873 ante

22 1905 135 1979 octogiuta
157 1926 251 1985 prope
279 1889 367 1964 anuos
396 1910 558 1982 propositae
585 1905 735 1980 inhaereo,
763 1922 848 1982 quarn
872 1906 1014 1983 ignorasse
1037 1908 1103 1985 ipse,
1169 1957 1173 1966 ,

22 1995 114 2058 ridetur.
150 2001 239 2059 Certe
256 1998 440 2057 Hildebraudi
458 1998 582 2056 Witbofii
610 2014 712 2054 nornen
739 2015 795 2054 non
816 1998 895 2056 video
916 2001 951 2057 ab
972 2018 1006 2058 eo
1025 2001 1099 2058 rela-

22 2099 73 2149 tum.
106 2095 130 2151 ls
156 2094 242 2171 igitur
265 2092 409 2172 professor
434 2091 499 2149 olim
525 2090 739 2169 Duisburgensis
763 2092 792 2148 in
817 2091 910 2152 diariis
936 2092 995 2150 eins
1023 2091 1098 2150 urbis

22 2183 224 2262 (linisbnrnisobr
240 2184 488 2261 Intelligenzzeltrl
508 2186 603 2261 1751,
623 2185 741 2264 plagulis
760 2187 780 2242 4
797 2215 838 2230 -
856 2190 898 2262 8.,
918 2189 964 2244 19.
986 2198 1015 2244 et
1034 2181 1102 2261 20.)'

22 2281 143 2337 vernaculo
168 2281 301 2338 sermone
327 2277 449 2356 lepidum
476 2277 570 2335 hercle
595 2280 623 2335 iu
649 2279 762 2363 modum
792 2299 907 2355 eorum,
935 2275 1008 2359 quae
1033 2298 1099 2338 mox

22 2370 132 2450 dicentur,
151 2390 289 2431 summam
312 2373 466 2450 occupavit,
486 2373 586 2430 omissa
604 2382 698 2429 tamen
718 2384 877 2451 temporum
903 2374 1098 2448 subductione,

22 2481 62 2540 qua
75 2484 139 2544 opus
158 2464 257 2543 ntique
277 2475 347 2524 erat.
385 2464 541 2542 Relegatus
560 2475 603 2523 est
622 2463 735 2524 Publius
754 2466 825 2524 duas
850 2476 969 2545 propter
986 2483 1097 2540 causas,

22 2576 106 2618 aaran
129 2571 157 2620 et
176 2579 315 2633 errorem,
341 2560 393 2615 Tr.
423 2566 453 2632 2,
477 2563 544 2616 208.
595 2559 712 2616 Garrnen
736 2571 817 2616 eraut
841 2561 904 2618 libri
928 2561 994 2617 artis
1019 2576 1100 2617 ama·

22 2655 97 2728 toriae,
114 2655 178 2713 editi
198 2672 272 2710 anuo
292 2655 362 2724 792,
383 2652 434 2710 sed
455 2653 512 2729 qui,
533 2661 565 2709 ut
583 2661 671 2728 puto,
697 2671 781 2729 quam
806 2654 953 2732 perniciosi
980 2653 1099 2728 fuerint,

22 2743 106 2806 dennm
124 2740 257 2828 apparuit
275 2746 381 2826 decimo
402 2765 475 2804 auno
494 2759 570 2824 post,
591 2766 653 2803 cum
674 2746 743 2804 ordo
763 2755 894 2825 equester
912 2748 994 2806 nullis
1010 2764 1098 2825 prae-
1146 2766 1170 2823 s

22 2840 64 2898 niis
78 2841 229 2920 permoveri
247 2838 393 2918 potuisset,
420 2842 566 2917 quominus
585 2840 747 2899 ex'illorum
774 2843 946 2919 potissimum
963 2842 1100 2899 librorum

22 2939 149 3015 praeceptis
166 2938 285 3006 vireret,
311 2935 431 3009 graviter
449 2936 646 3011 ingemiscente
665 2937 731 3009 illo,
757 2955 843 3014 penes
870 2955 953 3015 quem
978 2937 1100 3012 regimen

22 3040 104 3088 nomm
119 3039 189 3104 erat,
216 3025 269 3084 cfr.
288 3025 343 3083 Dio
364 3025 444 3086 Cass.
463 3029 511 3085 lib.
530 3030 578 3088 66.
599 3030 658 3086 init.
698 3029 761 3086 Hoc
779 3032 817 3087 ita
836 3029 921 3088 fnisse
944 3049 1026 3087 nemo
1045 3029 1098 3084 mi-

22 3121 120 3198 rabitur,
143 3124 191 3203 qui
209 3119 386 3194 meminerit,
412 3131 481 3198 quot
507 3122 631 3180 homines
651 3135 758 3181 nostras
778 3125 824 3182 ille
843 3134 929 3201 poeta
954 3121 1096 3194 occiderit,

22 3215 56 3287 qui
70 3234 119 3273 uon
136 3218 228 3283 minus
253 3212 346 3270 statim
374 3212 449 3271 edito
475 3215 546 3271 libro
575 3217 708 3293 resipuit,
734 3227 818 3295 atque
843 3216 968 3275 Ovidius.
1007 3220 1098 3274 Error

22 3321 69 3363 sero
84 3309 136 3384 ille,
155 3309 191 3367 de
210 3324 267 3385 qno
286 3324 428 3383 nunquam
447 3317 547 3383 aperte
565 3307 689 3384 loquitur
714 3300 827 3385 noster,
852 3310 969 3367 aliorum
988 3324 1098 3367 errores
1148 3310 1158 3336 ⁰

22 3403 201 3472 proseminavit.
240 3400 284 3458 Ad
303 3401 393 3478 ipsum
420 3402 574 3476 Augustum
599 3403 676 3484 illurn
701 3403 906 3480 quodammodo
932 3405 1099 3482 pertinuisse

22 3489 129 3552 ematur
146 3495 209 3553 loon
227 3496 281 3553 Tr.
301 3500 332 3568 2,
353 3495 419 3552 134.
439 3494 588 3570 multisque
603 3494 681 3552 aliis:
706 3496 753 3552 illo
773 3506 866 3554 autem
884 3497 1014 3575 redargui
1033 3494 1099 3553 mihi
1186 3509 1189 3515 ·

22 3580 106 3644 ritem
123 3590 163 3646 vir
181 3587 355 3646 doctissimus
374 3587 576 3662 Gottiugensis,
596 3587 644 3664 qui
665 3598 751 3665 negat
768 3591 827 3647 sine
846 3590 947 3648 iudicio
972 3587 1099 3648 animad-

22 3692 108 3738 tersnm
126 3684 234 3741 esseio
261 3679 403 3741 Ovidium.
446 3678 595 3738 Witbofins
618 3680 702 3758 igitur
728 3683 811 3758 longe
838 3668 1042 3741 disertissimum
1061 3679 1099 3739 de

22 3778 46 3824 ta
59 3789 86 3829 re
103 3773 230 3833 iudicium
254 3775 283 3833 in
309 3775 432 3833 versibus
459 3771 624 3850 quibusdam
651 3772 829 3834 Ponticorum
856 3778 960 3835 invenit
977 3777 1013 3833 ab
1033 3766 1098 3833 Ouss

22 3863 113 3938 sensio,
131 3868 179 3943 qui
196 3870 325 3948 reliquos
335 3868 411 3926 locos
430 3865 517 3928 Noct.
536 3866 609 3944 Hag.
629 3875 660 3944 2,
679 3871 709 3927 6.
729 3881 851 3940 enarrat,
877 3870 1098 3949 praetermissor.

22 3948 79 4012 Sunt
94 3967 186 4016 autem
202 3961 232 4019 hi
249 3962 333 4020 Pont.
354 3962 385 4034 4,
407 3962 437 4035 6,
458 3963 494 4017 9:

141 4051 236 4114 catos
254 4073 320 4116 eras
337 4073 389 4133 pro
407 4072 461 4127 nte,
480 4053 584 4112 Fabiae
604 4053 655 4112 toa
674 4058 800 4114 marimo
816 4062 917 4134 geratis,

175 4148 287 4209 Numen
305 4147 344 4207 ad
361 4148 519 4224 Angustam
536 4148 659 4227 supplice
676 4150 840 4230 unrainqni.
