2650 4700
213 220 266 298 το
570 209 953 286 novtnnunsonrs

264 402 346 480 uno
371 398 535 480 divinavi
555 400 785 500 notitiamque
808 397 884 474 tuli.

218 504 322 599 Quae
348 507 512 602 quoniam
530 512 610 579 rata
636 510 733 598 sunt,
759 509 837 577 tota
861 497 943 576 mihi
966 506 1087 580 mente
1111 504 1247 610 tibique

272 606 456 698 Gratulor,
481 609 660 706 ingenium
686 629 762 680 non
786 603 937 679 latuisse
962 609 1070 681 tuum.
1247 617 1251 634 ’

168 715 204 775 ⁵⁵
219 710 275 787 At
298 715 457 785 nostrum
482 711 640 785 tenebris
666 711 798 782 utinam
823 705 991 782 latuisset
1014 710 1053 785 iu
1077 708 1176 784 imis!

266 809 442 913 Expediit
466 811 584 888 studio
609 811 728 886 lumen
750 810 882 885 abesse
907 832 998 885 meo.

218 911 344 1010 thue
369 913 432 988 tibi
456 920 608 1015 prosunt
632 920 743 1006 artes,
763 909 931 1002 facunde,
956 934 1131 1004 sesterces

199 1019 201 1022 ’
271 1014 477 1090 Dissimiles
502 1016 575 1090 illis
600 1017 655 1092 sic
680 1036 840 1092 nocuere
864 1013 958 1097 mihi.

219 1116 310 1193 Vita
324 1123 449 1192 tamen
473 1118 536 1195 tibi
561 1127 753 1194 notamen
778 1123 853 1193 ests
878 1117 954 1192 scis
977 1115 1112 1194 artibus
1140 1111 1214 1189 itlis

168 1234 206 1294 60
269 1217 446 1296 Auctoris
469 1243 589 1298 mores
614 1221 831 1296 abstinuisse
856 1220 924 1292 sni.

295 1367 346 1428 66.
385 1343 518 1450 quoniam
536 1388 602 1429 vera
620 1379 674 1430 est.
745 1369 795 1431 66.
833 1367 958 1447 Expedit
975 1369 1005 1427 in
1022 1365 1113 1427 studio
1133 1381 1250 1425 numen.
1308 1335 1313 1436 J

294 1490 344 1552 62.
391 1511 456 1553 nnc
488 1514 659 1558 nrrnrnrn.
705 1499 782 1555 Hdec
815 1493 939 1555 dioinwi
973 1493 1046 1571 Reg.
1079 1491 1177 1551 decern
1208 1490 1313 1576 Heinsii

217 1564 305 1628 Beru.
331 1569 396 1628 Rel.
417 1588 435 1628 a
453 1590 497 1650 pr.
524 1592 562 1631 m.
590 1573 654 1632 edd.
685 1582 754 1632 vett.
785 1589 891 1631 omnes.
928 1575 990 1630 Hoc
1013 1571 1080 1629 Put.
1117 1571 1187 1628 Non
1211 1567 1313 1644 Fundi

220 1644 297 1702 Gali.
315 1643 396 1704 Leid.
418 1657 450 1705 ut
501 1657 572 1707 ue'a
591 1669 631 1708 m.
649 1668 707 1710 sec.
727 1650 873 1709 Guelferb.
912 1651 973 1707 Neo
997 1645 1129 1706 Francos.
1153 1647 1231 1706 Mor.
1258 1647 1313 1705 lun

218 1720 331 1779 Beroia
354 1725 404 1782 Sir
420 1667 612 1800 eqdbtctnam
630 1733 688 1785 not.
708 1725 791 1784 Crer.
1029 1801 1032 1806 Ι

296 1796 345 1858 63.
385 1817 469 1875 quun
495 1813 648 1877 quorrnru
681 1819 773 1893 narn
800 1817 895 1893 sqnn.
942 1799 981 1859 111
1005 1799 1135 1875 quonum
1163 1805 1233 1857 rett.
1260 1791 1313 1856 edd

218 1884 653 2031 tonsuratum
687 1874 1031 2027 11111111
1045 1874 1313 2018 territa

219 2027 366 2100 recentiori
391 2029 502 2088 addito:
534 2038 610 2088 nant.
643 2035 775 2108 qrtoniom
799 2038 867 2089 roto
884 2034 941 2087 sint
967 2030 1049 2107 prim.
1073 2027 1165 2086 Palat.
1197 2027 1313 2104 ,Reliqu

221 2101 301 2160 libris
326 2108 456 2179 pontum
474 2123 541 2162 nero
558 2113 611 2178 sat,
630 2109 732 2164 umbro
751 2116 843 2164 tamen
861 2112 903 2163 eet
920 2105 1015 2165 Berol.
1034 2113 1064 2164 et
1083 2105 1164 2164 Crer.
1202 2104 1253 2163 Ex
1269 2104 1313 2162 1³2.

219 2177 297 2235 latini
316 2182 419 2255 egregii
438 2183 574 2253 scripturn
587 2184 722 2240 Heinsius
739 2184 904 2240 coniiciebat
920 2189 988 2241 rute
1005 2179 1049 2256 fit,
1068 2191 1167 2253 nepte3
1193 2181 1249 2239 sed
1266 2197 1313 2238 rna·

219 2252 325 2310 turnus:
354 2262 420 2313 roto
445 2263 528 2331 aurat,
554 2257 630 2336 quod
658 2259 804 2316 commode
829 2259 968 2317 reseretur
993 2259 1030 2316 ad
1056 2262 1133 2317 nnn
1151 2276 1178 2315 r.
1197 2259 1251 2316 49.
1275 2254 1313 2336 tibi

217 2335 308 2389 morto
337 2330 456 2409 nitidque
479 2333 552 2411 Reg.
578 2332 658 2394 Leid.
684 2337 765 2416 prim.
787 2335 883 2399 ,Palat
906 2354 963 2395 sec.
989 2332 1086 2395 Guelf.
1112 2334 1200 2397 Bern.
1228 2330 1312 2399 Bent

220 2406 304 2465 Crer.
325 2407 391 2467 edd.
412 2418 479 2467 vett.
493 2430 605 2470 omues.
687 2454 690 2463 ι
839 2418 850 2453 4
1311 2432 1312 2461 1

295 2483 344 2542 66.
391 2501 544 2546 nxrnnrrn
571 2506 691 2548 crunno
724 2504 849 2547 numen.
881 2486 988 2547 studio
1013 2517 1054 2532 -
1069 2501 1129 2546 mon
1153 2487 1221 2547 Por.
1250 2487 1312 2549 nor*

218 2556 300 2618 Serr.
318 2560 397 2619 Busl.
416 2562 510 2622 Paiat.
528 2584 584 2623 sec.
603 2566 683 2623 leid.
703 2575 831 2643 uterque,
850 2565 914 2621 iun.
934 2565 1052 2640 Seguer.
1077 2562 1210 2623 Francos.
1232 2564 1283 2641 rig'

218 2636 347 2694 meliores
367 2638 482 2714 Heinsii,
509 2642 597 2704 nostri
624 2661 687 2699 cnm
714 2641 801 2699 Bern.
840 2641 954 2718 Reliqui
971 2650 1001 2698 et
1018 2647 1087 2698 rett.
1112 2640 1196 2699 edd:
1288 2641 1302 2655 ”

219 2743 259 2755 -—
276 2716 354 2770 meis.
391 2715 496 2773 Parum
523 2719 646 2776 interest.
691 2718 763 2775 lllud
790 2727 884 2775 autem
907 2718 1007 2774 mirum
1032 2725 1095 2791 est,
1127 2717 1276 2777 Burmann

220 2789 407 2866 nescioquod
428 2811 440 2847 s
461 2794 563 2850 mnium
589 2813 670 2851 suum
690 2813 726 2852 ne
746 2796 830 2851 verbo
857 2793 968 2872 quidem
994 2792 1095 2867 addito
1115 2811 1218 2852 ausum
1238 2795 1276 2853 fu'
1309 2854 1310 2859 χ

145 2874 148 2881 ’
219 2863 410 2953 interponere,
429 2812 578 2947 pierosque
597 2869 698 2928 deinde
718 2869 840 2927 editores
859 2872 1044 2947 obsequentes
1070 2868 1211 2929 habuisse.
1251 2866 1310 2937 Nait

218 2938 262 2996 los
282 2940 351 2998 luber
370 2942 398 2998 id
418 2947 648 3037 agnoscit,'qnod
668 2946 770 3004 abillo
798 2947 903 3004 editum
932 2955 991 3004 este
1018 2945 1141 3038 Enpedit
1164 2946 1310 3079 in-strtdioq

217 3016 1299 3176 ttbnttttttftttt’.ttttsstnttnttttt‘nitunt

137 3194 140 3201 ¹
217 3168 282 3228 vid.
302 3171 379 3229 Fast.
399 3176 429 3246 4,
447 3176 514 3232 406.
554 3176 622 3251 Her.
645 3180 693 3249 10,
716 3181 782 3234 112.
806 3179 930 3249 17,170.
949 3176 1043 3252 ibique
1061 3176 1228 3249 Loersiutn3
1251 3178 1274 3236 C

217 3243 264 3302 ris.
283 3246 332 3303 lib.
352 3251 381 3302 4.
398 3262 430 3325 p.
452 3252 518 3308 239.
557 3251 686 3308 Diomed.
710 3252 730 3309 1.
751 3258 780 3309 2.
798 3270 829 3329 p.
854 3254 922 3309 447.
947 3250 1063 3309 Putseh.
1100 3250 1165 3308 Non
1195 3252 1272 3311 ,diffit

157 3324 169 3333 ‘
216 3319 283 3377 dum
303 3331 395 3380 tamen
416 3336 459 3382 est
486 3345 575 3405 aeque
593 3326 772 3385 emendatum
791 3338 820 3386 et
845 3326 964 3386 fortasse
985 3328 1072 3403 magis
1100 3328 1183 3384 etiam
1214 3348 1257 3388 ex

216 3396 349 3474 loquendi
368 3399 504 3460 Ovidiano
531 3422 607 3478 esse,
635 3403 712 3479 quod
738 3403 801 3461 cod.
820 3402 942 3461 Reiand.
970 3403 1097 3464 exbibet:
1123 3404 1282 3482 mentae

217 3474 345 3550 apposite
369 3477 583 3555 interpretatur:
609 3479 678 3538 utile
701 3478 811 3553 [obad.
857 3480 959 3557 Neque
986 3480 1093 3538 abludit
1118 3480 1182 3538 cod.
1212 3482 1242 3539 B

216 3567 314 3623 nens,
341 3554 403 3629 qni:
429 3556 573 3633 Expediet.
612 3555 749 3632 Exempla
767 3575 805 3613 ex
822 3558 914 3613 multis
933 3574 1033 3634 pauca.
1049 3557 1162 3634 accipe:
1190 3556 1274 3619 Fast.

184 3674 187 3678 .
216 3624 283 3683 nso.
313 3632 433 3698 2,107.
461 3634 587 3706 4,122.
612 3634 642 3705 o,
668 3637 735 3690 arr.
772 3632 899 3710 nnc-2,
924 3636 1001 3703 «170,
1025 3635 1093 3692 647.
1131 3633 1201 3693 fler.
1225 3639 1258 3712 o,

215 3703 353 3776 noan,
375 3709 439 3764 119.
478 3709 532 3765 Τι.
550 3715 582 3783 2,
602 3711 650 3767 69.
690 3708 783 3765 Editio
808 3709 900 3766 Rubei
926 3709 1090 3787 typothetae
1114 3727 1232 3771 errores

214 3774 290 3855 pedit
306 3779 416 3838 stodiis.
455 3783 547 3841 Etiam
573 3801 673 3842 nomen
698 3803 755 3842 non
781 3785 924 3843 admonito
949 3787 1054 3843 tectore
1076 3784 1153 3844 dedit
1177 3787 1270 3847 Burro

214 3872 278 3927 nus,
298 3873 361 3911 cunr
380 3867 410 3915 et
428 3857 510 3917 codd.
531 3861 646 3935 Heinsii,
666 3862 752 3918 nostri
771 3870 800 3919 et
819 3872 886 3920 rett.
905 3861 988 3936 eddc
1016 3862 1107 3922 booron
1125 3862 1264 3943 habeant,

217 3937 291 4009 quae
310 3946 500 4011 opponuntur,
518 3936 644 3994 tenebrae
660 3936 689 3994 id
708 3938 828 4014 exigant.

166 4044 167 4047 =
291 4010 342 4066 68.
380 4029 567 4071 nrasrmunns
586 4043 626 4057 -··
644 4031 735 4071 rurun.
774 4011 907 4086 Diffinies
923 4012 1014 4071 Palat.
1033 4013 1116 4093 prim.
1144 4031 1226 4073 mooe
1244 4017 1272 4074 G

214 4080 317 4144 Palat-
330 4104 387 4145 sec.
406 4086 511 4159 iterat
536 4089 610 4147 idem
636 4091 690 4147 sub
714 4108 812 4149 rasura
836 4089 899 4149 cod.
919 4087 1018 4151 Gueli.
1044 4089 1133 4171 latere
1160 4091 1264 4153 ridebo

214 4159 295 4220 Vere.
314 4162 363 4221 69.
383 4170 424 4222 ent
442 4167 572 4224 omissum
590 4166 618 4225 in
636 4162 787 4227 Guelferb.
1023 4204 1026 4210 ·
