2650 4700
563 211 659 278 fflss·
1039 228 1118 305 ron

70 396 196 480 illieuit
219 396 363 501 pluvias
388 396 536 477 victima
559 421 694 478 oaesus
718 422 852 498 aquosa

32 499 146 586 Frater
169 508 208 578 ut
231 500 367 578 Antaei
392 521 464 600 quo
488 505 668 600 sanguine
691 500 824 595 debuit,
849 528 935 581 aras

69 606 200 698 Tinxit,
221 613 258 681 et
282 604 463 705 exemplis
486 605 621 682 oceidit
644 606 725 706 ipse
749 607 843 680 suis:

32 697 68 785 bt
88 710 142 810 qui
166 707 344 785 terribiles
368 731 436 808 pro
461 731 609 808 mannen
636 705 852 784 habentibus
868 706 993 785 herbis
1090 754 1094 762 -

32 918 89 976 enim
105 917 214 978 adhibet
232 930 262 978 et
280 918 444 977 simillimam
462 919 499 976 illi
519 937 575 977 nou
594 920 654 977 sine
673 920 787 977 eonsssio
805 919 923 995 copiose
938 922 1113 999 persequitur

32 989 72 1054 Tr.
88 999 114 1065 d,
133 1000 180 1068 11,
203 999 252 1053 39.
272 1015 335 1074 sqq.
376 997 474 1064 Quare
492 995 611 1053 fortasse
630 996 676 1053 bio
695 993 761 1053 olim
781 997 909 1053 extabat:

149 1075 187 1130 Ut
204 1074 252 1148 qui
271 1072 337 1148 (pro
357 1071 470 1145 dignum
479 1067 502 1146 i)
521 1075 598 1132 sacri
614 1079 786 1130 ntortslrator
804 1075 892 1148 iuiqui
910 1081 964 1132 etc.

32 1147 89 1222 tauri
104 1147 256 1207 moderator
275 1151 363 1226 iuiqtti
379 1150 493 1207 Bonan.
607 1152 676 1207 396.
720 1148 826 1208 Eduait
851 1148 926 1226 pluro.
946 1150 965 1206 k
983 1158 1013 1212 et
1028 1150 1112 1216 ptius.

32 1221 115 1281 memb
129 1224 224 1301 plenas
244 1226 284 1282 G.
404 1228 471 1284 397.
511 1224 606 1283 aullnei
624 1244 651 1283 e.
696 1232 780 1283 ortlea
797 1227 817 1283 l.
857 1229 928 1283 antei
946 1244 1011 1300 ny.
1045 1225 1111 1284 Aa·

32 1302 76 1356 aaa
92 1302 247 1358 eoniiciebat
264 1301 411 1376 Micyllus3
438 1301 489 1358 cfr.
508 1300 593 1362 Paus.
613 1305 644 1376 7,
664 1303 693 1372 4,
714 1308 742 1360 l.
781 1300 839 1360 Sed
858 1300 947 1359 schol.
971 1304 1111 1379 Apollonii

32 1367 58 1432 bd
79 1378 104 1447 4,
128 1380 210 1434 1396.
237 1375 348 1435 Busirin
377 1388 406 1436 et
430 1379 566 1435 Antaeum
593 1375 721 1456 Neptuni
745 1378 816 1436 filios
841 1388 994 1453 nuncupat.

32 1453 83 1508 aba.
116 1460 146 1510 ut
163 1453 280 1532 eaenrpl.
307 1472 359 1531 eg.
397 1454 496 1512 oceidit
514 1456 551 1512 D.
657 1457 740 1520 ¹399⁸
788 1473 830 1512 uro
854 1458 979 1528 prastino
1005 1452 1111 1513 baben-

32 1525 89 1585 tibua
104 1529 220 1589 BCGa
267 1538 297 1589 et
314 1541 388 1603 tres3
408 1530 427 1587 d
447 1548 499 1608 pro
518 1550 545 1588 v.
566 1548 620 1587 scr.
665 1474 825 1588 bubonibus
849 1528 949 1586 barbas
974 1529 1062 1587 BGa
1081 1540 1112 1590 et

32 1611 83 1662 tres.
116 1551 275 1664 balantibus
298 1604 396 1665 haedis
414 1626 440 1667 c.
486 1605 620 1665 terribiles
651 1613 733 1665 artam
777 1608 956 1681 repromitte
980 1603 1112 1665 bobertus

32 1676 101 1738 lereti
125 1692 153 1740 et
184 1702 255 1741 unns
289 1682 388 1739 Patar.
413 1681 535 1740 xCritici
571 1683 721 1740 nobiliores
752 1626 775 1739 ξ

32 1752 181 1817 sobraderm
200 1758 385 1816 huno'looum
404 1767 596 1817 attrectarunt.
636 1758 796 1816 Postremus
820 1758 945 1835 spurium
969 1757 1109 1817 distichon

32 1836 182 1909 pronunciat,
201 1837 267 1913 quia
286 1852 331 1892 res
353 1854 378 1892 s.
395 1838 461 1893 379.
482 1837 687 1913 praecessisset,
705 1835 770 1924 quia
788 1853 880 1892 sermo
899 1836 926 1890 in'
947 1832 1109 1896 laeuametre

32 1909 88 1967 mle
109 1911 222 1986 latium,
254 1921 330 1969 certe
355 1929 372 1969 a
391 1910 650 1970 Burmanmmate
674 1912 804 1969 delensus
829 1912 875 1968 sit.
919 1910 1001 1967 Prius
1024 1929 1110 1987 argu-

32 1994 133 2043 mentum
152 1988 226 2046 uilrili
246 1998 307 2045 est·
327 1989 414 2045 multa
432 1988 460 2045 in
480 1988 534 2046 boe
553 1988 674 2048 dormine
693 1996 867 2066 repetuntur,
886 1986 936 2043 sed
956 1993 1018 2044 cum
1039 1986 1109 2044 arti·

33 2057 96 2135 boio,
118 2063 209 2122 sabula
233 2030 352 2144 ponium
376 2063 526 2136 conuersa,
551 2074 609 2122 tum
628 2065 718 2122 serbis
737 2062 837 2122 callide
856 2064 966 2121 variatis
972 2104 987 2132 2
1008 2063 1110 2197 auibus

32 2136 97 2194 rebus
120 2140 235 2217 inopiam
263 2158 342 2197 suam
368 2150 453 2218 poeta
478 2139 666 2199 dissimulavit.
706 2141 793 2197 Alteri
818 2149 983 2218 argumento
1028 2156 1111 2219 espe-

32 2214 87 2274 tato
103 2217 297 2274 emendationis
314 2218 396 2274 inest.
434 2217 506 2273 Earn
526 2227 682 2288 tentaverat
701 2218 866 2292 Saluagnius'
885 2218 942 2275 ita:

185 2297 223 2352 Ut
242 2295 292 2370 qui
308 2291 443 2377 terribples
460 2313 511 2371 pro
529 2313 643 2370 prumea
661 2292 824 2355 babeolibus
841 2294 924 2368 arvis,
1003 2301 1005 2306 “
1104 2287 1107 2296 “

32 2374 84 2423 tnox
99 2368 210 2447 seipsum
229 2381 421 2445 revocaverat,
440 2374 504 2448 quia
523 2373 716 2429 inconcinnum
742 2380 828 2427 esset:
858 2374 938 2447 panii
954 2386 1037 2446 equos
1052 2365 1110 2426 bu-

32 2454 98 2502 uoto
112 2449 209 2505 maome
224 2464 278 2524 pro
295 2449 446 2520 pramioeis
464 2450 550 2509 areis.
588 2447 689 2514 Recte,
706 2447 729 2504 si
748 2448 784 2504 de
802 2446 938 2504 Diomede
955 2445 1109 2519 intelligam

32 2516 88 2575 alter
110 2523 177 2578 enim
203 2523 339 2580 ablativus
366 2541 424 2579 rem
450 2533 546 2597 notat,
579 2525 650 2581 alter
681 2519 783 2579 locum.
830 2521 945 2598 Optime
969 2517 1111 2595 Salraguii

33 2595 165 2656 emendatio
184 2599 313 2673 baberet,
339 2598 362 2655 si
381 2599 446 2656 velis
465 2599 502 2655 <lo
521 2599 613 2657 Antlro
640 2599 777 2667 eooitare,
804 2598 841 2656 tle
859 2617 918 2675 quo
935 2615 970 2654 en
990 2597 1111 2653 Antoni·

32 2684 84 2728 uum
103 2672 257 2733 Liberalem
281 2687 440 2731 narrantem
467 2693 492 2732 a.
512 2678 548 2734 7:
577 2669 640 2732 tuat
668 2643 702 2732 aba*
721 2667 837 2743 Ἄνθος
861 2672 917 2730 τοῦ
942 2665 1111 2739 Aaronem

776 1682 934 1758 alvagnius,
969 1683 1110 1757 Heinsius,

32 2748 91 2815 nair
113 2743 236 2827 ἐξήλασε
264 2744 322 2819 τὰς
344 2747 462 2819 ἵππους
487 2749 519 2808 ἐκ
545 2751 600 2808 τοῦ
625 2751 792 2828 λειμῶνος,
828 2734 920 2808 abeat
956 2740 1111 2826 ἀγόμεναι
1200 2780 1204 2795 ι
1259 2760 1266 2769 “

32 2825 131 2901 tpooipg
154 2820 348 2903 ἒξεθῦμηναν
382 2822 431 2885 καὶ
463 2824 516 2885 τὸν
537 2818 653 2887 ’lisboa
685 2825 829 2897 ἔπιςᾶσαι
862 2823 1111 2903 κατεβίβρωςκον
1184 2898 1186 2903 Α
1239 2910 1242 2917 1

33 2898 121 2970 alatro
140 2898 350 2980 ἐπιβοώμενον
368 2896 482 2980 ἀμῦναι
502 2900 575 2973 τούς
594 2897 699 2974 deuio.
738 2907 801 2976 Hic',
825 2907 954 2983 inquam,
966 2904 1038 2981 ipse
1057 2920 1112 2983 pro¹

32 2980 102 3051 pratis
118 2998 201 3058 equos
215 2968 371 3055 ls'aturavit3
396 3002 452 3039 non
471 2983 581 3059 quidem
600 2986 713 3060 impius,
739 3002 804 3040 nam
830 2991 906 3039 certe
931 2981 999 3037 deos
1019 2978 1111 3035 credi·

33 3050 72 3109 dit.
103 3056 158 3115 Sed
183 3068 266 3116 erunt
289 3057 425 3132 fortasse,
453 3061 500 3136 qni
525 3060 566 3117 de
588 3060 751 3135 corrigenda
779 3079 813 3116 ea
837 3076 906 3114 voce
931 3053 1111 3131 cogitandum

33 3145 82 3187 esse
98 3144 203 3209 putent,
222 3143 396 3210 reputantes,
421 3153 454 3190 ea
473 3137 517 3193 ula
536 3145 592 3192 tres
618 3138 762 3212 scrupulos
786 3135 925 3192 sublatum
951 3133 999 3187 iri:
1026 3146 1111 3206 repe·

33 3204 138 3266 titionem
156 3211 286 3268 fabulae:
312 3223 470 3287 suspectam
497 3212 631 3268 rationem
651 3212 799 3289 loquendi:
825 3212 906 3266 tertio
933 3208 1007 3282 loco,
1033 3202 1112 3282 quod
1138 3264 1141 3277 p

32 3295 100 3340 uerno
117 3285 258 3364 bucusque
277 3288 398 3345 animum
419 3287 548 3361 aduertit,
567 3287 692 3344 desectus
712 3289 787 3344 verbi
806 3287 886 3360 finiti,
914 3283 989 3362 quod
1009 3301 1025 3339 e
1043 3301 1114 3364 pro«
1141 3281 1145 3296 “

32 3357 92 3415 xinm
109 3362 203 3420 altero·
220 3372 284 3420 ntro
312 3363 427 3420 disticho
453 3366 564 3420 minime
585 3364 737 3443 petendum
759 3374 813 3436 est,
833 3375 861 3419 et
879 3381 935 3418 non
960 3359 1112 3417 indicatum

32 3450 105 3565 benus
130 3441 224 3496 rnortis
243 3441 271 3496 in
291 3439 435 3498 Diomede.
475 3441 539 3516 Ego
565 3460 623 3496 rem
647 3441 831 3497 loenerarimu
851 3459 868 3495 a
887 3457 918 3495 re
945 3437 1039 3493 critica
1057 3433 1113 3490 dif-

56 3528 94 3569 rre
110 3532 220 3589 censeo,
239 3515 347 3572 duabus
366 3517 588 3573 correctioneulis
607 3517 659 3573 tria
678 3509 1115 3573 sententiaecommodaemenda

32 3595 101 3662 bego.
140 3591 231 3649 Possis
249 3592 384 3649 fortasse:
421 3623 461 3636 -
479 3612 530 3670 pro
546 3611 661 3667 prouisa
679 3591 841 3650 lambentibus
858 3591 939 3648 eruis.

32 3658 276 3724 northmannum
296 3669 315 3726 l.
335 3668 366 3744 ὅ,
386 3687 412 3726 c.
432 3672 479 3726 10.
501 3689 530 3747 p.
551 3674 618 3725 202.
637 3669 708 3726 Ka:
727 3699 765 3712 -
782 3668 912 3744 ploraque
929 3679 1035 3743 seraper
1052 3665 1116 3721 sirt-

32 3737 129 3811 mbae
152 3747 346 3818 irretiantur,
371 3751 403 3801 ul
426 3764 544 3818 ottrarra,
573 3752 734 3819 arpentum,
762 3764 825 3813 aas,
852 3741 1007 3820 plurumum,
1032 3747 1116 3798 staa-

32 3820 277 3894 arm-aborsum,
296 3825 428 3896 triticum,
450 3838 545 3879 ervum
558 3855 597 3868 -
609 3821 687 3894 fabo,
708 3822 777 3896 lene,
795 3825 859 3897 pisa
878 3816 1005 3891 (uioial).
1037 3815 1117 3874 Adeo

33 3899 114 3951 utitem
131 3895 196 3954 bueo
214 3916 294 3972 umus,
313 3916 369 3956 non
386 3898 483 3972 rapida
500 3896 624 3975 probibet
642 3903 726 3956 etiam
750 3897 875 3974 pluralia
902 3895 1017 3967 babere,
1044 3888 1118 3967 quod

34 3970 135 4040 quidam
159 3977 275 4050 propria
302 3972 398 4048 confisi
424 3979 589 4033 auctoritate
604 3975 717 4052 'plurali
742 3993 858 4052 puroque,
881 3980 914 4030 ut
938 3971 1040 4028 dictum
1064 3974 1119 4040 est,

34 4040 91 4102 bueo
107 4050 263 4124 protulerunt
280 4068 405 4125 numero,
429 4058 462 4107 ul
479 4051 594 4123 bordon,
619 4051 776 4124 irremota,
802 4049 896 4124 sabae,
913 4052 999 4120 vuitta,
1024 4043 1118 4132 mallo.

33 4116 139 4182 Ouidius
157 4145 212 4182 non
233 4127 316 4184 modo
335 4127 406 4185 haee
425 4128 517 4185 omnia
537 4127 623 4202 dixit,
648 4130 699 4185 sed
721 4129 803 4184 etiam
831 4145 898 4185 uera
922 4124 1018 4202 quouis
1036 4123 1120 4198 sigum

33 4192 119 4275 beatu,
137 4201 237 4260 electra
254 4202 323 4264 blot.
343 4211 373 4282 2,
394 4206 473 4282 soba,
500 4205 595 4281 boos,
619 4207 706 4264 uiolae
723 4206 746 4263 F
748 4212 800 4263 ost.
815 4207 852 4279 b,
869 4206 937 4272 267,
954 4204 1002 4259 68.
1021 4215 1120 4257 stora-
