2650 4700
200 173 269 253 ῃ
399 139 403 150 ’
562 161 988 260 jacumnuncoms..

213 461 320 540 Hanc
345 482 418 557 ego
443 462 657 560 suspiciens,
683 466 722 537 et
746 459 792 535 ab
817 458 888 535 hac
913 454 1095 559 Capitolia
1117 475 1291 548 cernens,

164 572 203 634 to
266 557 370 655 Quae
394 568 521 638 nostro
543 561 682 636 trustra
704 564 824 638 iuncta
845 561 948 637 suere
973 561 1059 635 lari:

213 666 373 742 Numina
395 664 527 740 vicinis
550 663 746 739 habitantia
769 664 928 758 sedibus,
950 664 1103 761 inquam,

169 773 205 812 ·’-
264 768 410 868 lamque
435 761 552 843 oculis
576 790 753 866 nunquam
777 765 910 868 templa
934 765 1095 842 videnda
1119 767 1233 860 meis3

1311 127 1312 216 l

1311 219 1312 284 l

262 351 443 456 Lunaque
463 349 664 433 rocmmos
688 347 764 436 'alta
787 352 940 455 regebat
954 349 1090 454 equos.
1151 347 1171 358 ”
1301 287 1312 498 i

291 940 340 996 29.
379 949 467 993 nnnc
493 952 555 993 sco
576 952 780 1008 sosrrcrrss,
807 952 849 992 nr
874 947 918 990 ns
945 949 1009 991 nac
1036 951 1218 994 cnrrrous
1247 951 1303 994 arn

214 1031 311 1072 saus.
354 1015 437 1069 Hanc
468 1017 501 1069 iu
531 1011 568 1072 fr.
593 1012 665 1069 Rer.
700 1015 783 1070 Hono
808 1018 869 1069 tum
901 1008 1050 1083 Francos,
1084 1020 1155 1070 teste
1189 1012 1302 1070 Heinsio

217 1089 296 1147 Busl.
317 1092 407 1146 Hono·
425 1093 492 1146 bruc
516 1088 641 1145 Putean.
655 1093 682 1145 at
701 1086 740 1145 od
765 1087 833 1146 bueo
858 1087 939 1163 prim.
958 1086 1003 1143 ed.
1029 1087 1133 1145 Heinsii
1151 1095 1181 1146 et
1208 1096 1299 1148 nosue

177 1181 180 1186 ·
216 1176 327 1223 veteres
346 1173 459 1241 praeter
476 1165 608 1238 Bonon.;
634 1166 821 1239 posteriores,
844 1162 894 1220 sed
914 1164 1005 1220 nescio
1024 1180 1042 1220 a
1060 1183 1116 1240 qua
1134 1164 1219 1238 iude,
1246 1182 1276 1220 ce

147 1287 149 1290 .
197 1252 282 1299 .ante
305 1241 524 1297 Bersmannnmr
551 1246 578 1297 ei
603 1238 701 1298 odbooc.
748 1240 797 1298 scd
822 1244 848 1310 cl
874 1239 941 1300 boec
965 1239 1096 1297 Francos.
1122 1260 1161 1299 m.
1189 1257 1236 1317 pr.

215 1324 243 1375 et
260 1317 377 1378 Putean.
396 1315 525 1374 Politian
542 1334 600 1378 cer.
620 1325 649 1373 et
675 1314 731 1374 duo
750 1316 864 1374 Heinsii.
903 1322 929 1372 et
947 1313 986 1373 ud
1003 1315 1075 1374 bunc
1094 1316 1243 1376 Guelferb.
1261 1315 1298 1372 Pa

215 1391 266 1451 lat.
291 1411 347 1450 soc.
371 1392 455 1451 Polit.
481 1392 564 1469 prim.
588 1391 695 1464 Servii,
728 1401 785 1451 tres
812 1393 918 1449 Heiusii
943 1400 972 1450 et
995 1401 1090 1460 noster
1120 1391 1292 1451 Berolincn‘

113 1505 114 1508 =
214 1469 328 1545 Reliqui
345 1469 407 1526 libri
426 1487 538 1526 omnesr
570 1474 597 1525 ct
622 1466 658 1525 ab
677 1467 740 1526 boc.
778 1470 861 1525 Hunc
879 1468 963 1545 longe
987 1468 1135 1526 maximum
1162 1468 1248 1526 codd.
1267 1486 1300 1523 nu

215 1562 322 1604 merum
343 1553 420 1604 recte
437 1555 548 1603 secutus
567 1553 610 1602 est
628 1544 776 1604 Heinsius:
804 1563 855 1602 nos
882 1554 976 1601 tamen
1000 1553 1249 1623 quantumcunque
1266 1542 1282 1599 d

122 1670 128 1676 ,
215 1621 405 1693 cernissemus,
422 1621 447 1679 si
466 1622 493 1678 in
514 1621 604 1678 eximii
628 1620 679 1677 viri
703 1620 932 1699 interpretatione
957 1619 1186 1697 acquiescendum
1213 1620 1310 1677 suisset.

215 1697 260 1757 Ab
278 1697 331 1756 boc
356 1696 422 1755 dicit
446 1714 521 1754 esse:
548 1702 612 1775 post
636 1695 725 1773 Mac,
749 1704 896 1775 postquem
922 1695 994 1754 bono
1017 1695 1143 1773 adaperi.
1181 1696 1258 1755 Nimi

170 1827 175 1836 .
216 1793 280 1831 cnm
298 1774 467 1864 praepositio
489 1772 536 1831 illa
554 1773 637 1831 rebus
656 1773 701 1832 rel
721 1782 850 1850 tempore
869 1772 915 1829 rel
937 1773 1028 1851 spatio
1054 1773 1151 1834 iunctis
1170 1771 1268 1850 design

215 1850 258 1908 dis
276 1852 416 1923 inserviat,
436 1868 471 1907 ac
495 1850 654 1926 saepissime
681 1849 792 1925 quidem
818 1858 965 1927 utrumque
982 1849 1058 1912 illam
1084 1850 1223 1908 rationem
1239 1850 1286 1908 cim

214 1936 357 2005 sequatur,
376 1926 498 1985 velutin
517 1925 595 1983 Fast.
613 1930 643 1997 3,
662 1927 735 1984 781:

340 2006 345 2015 “
452 2005 491 2059 Eo
509 2008 617 2078 caperet
634 2000 761 2073 fusoasa
782 2015 867 2062 ¹attrito
884 1998 981 2062 cosmi
998 2007 1096 2061 atomo

169 2096 177 2124 ¹
213 2073 247 2137 iis
274 2076 424 2154 exemplis,
453 2078 553 2153 quibus
579 2079 711 2153 temporis
730 2078 799 2136 ordo
825 2089 854 2137 et
876 2078 1045 2136 continuatio
1064 2076 1214 2151 indicatur,
1240 2072 1312 2133 abusi*

213 2162 280 2211 sunt
300 2152 391 2211 Ouidii
410 2154 576 2229 interpretes
596 2153 631 2210 ad
651 2152 834 2212 diversissima
854 2155 966 2231 quaeris
992 2154 1166 2230 explicanda,
1192 2152 1266 2212 uelut
1280 2151 1308 2210 it·

214 2229 265 2306 lud
282 2229 311 2286 in
330 2228 444 2288 Consul.
464 2229 502 2288 ad
519 2229 624 2286 Liviam
644 2249 671 2285 r.
691 2232 763 2287 416:
784 2230 851 2288 deus
872 2248 1004 2288 saumuro
1041 2234 1119 2289 rioro
1155 2279 1160 2288 .

337 2303 342 2312 ’
441 2303 517 2363 D'rnu
536 2305 618 2376 uolet,
635 2323 653 2363 a
676 2308 769 2365 Druso
789 2306 989 2369 comorolucto
1027 2305 1099 2380 obit,

236 2378 291 2439 uod
317 2380 474 2459 exemplum
500 2383 528 2438 in
557 2382 639 2440 docta
666 2382 769 2440 Handii
794 2382 979 2463 disputatione
1003 2382 1140 2443 desidero.
1187 2381 1261 2452 Quin

245 2477 262 2514 a
289 2455 401 2536 quidem
423 2458 489 2516 satis
517 2458 735 2537 distinguuntur,
769 2461 816 2516 ubi
842 2479 935 2517 rernm
968 2460 1120 2518 aestimatio
1146 2458 1307 2537 intelligitur,

215 2534 291 2612 quod
320 2553 407 2612 genus
426 2533 552 2592 Handius'
559 2555 601 2612 p.
618 2538 655 2592 4³
683 2533 760 2612 apud
778 2537 927 2613 scriptores
955 2536 1122 2594 recentiores
1148 2547 1244 2595 extare
1265 2534 1307 2599 obs

212 2619 318 2684 serrat,
336 2611 434 2688 quibus
454 2613 593 2669 accenseri
612 2610 844 2691 Ovidiumlposse
869 2611 1015 2669 fatendum
1041 2621 1102 2685 est,
1128 2614 1176 2691 qui
1196 2632 1252 2671 non

213 2688 271 2746 mel
294 2687 334 2744 ita
359 2688 497 2763 loquiturr
525 2688 594 2746 Her.
622 2692 671 2761 18,
696 2691 744 2746 69.
783 2689 852 2747 Met.
882 2692 912 2762 8,
937 2688 1004 2746 450.
1048 2686 1131 2746 Pont.
1162 2691 1194 2763 4,
1221 2692 1250 2762 6,
1266 2687 1306 2743 26.

213 2762 357 2839 Quidquid
376 2764 422 2836 sit,
443 2761 498 2819 huc
515 2764 543 2822 in
562 2764 625 2821 loco
645 2783 702 2821 uon
720 2765 892 2841 intelligitur,
918 2784 968 2822 cur
995 2766 1120 2823 oratione
1146 2760 1296 2823 coniunxeri

212 2838 648 2990 tillir.tl³t.⁰}tss¹l.⁰tl.⁸t
650 2840 841 2977 ‘ttulit
852 2839 1307 2975 ”altrinsecust

214 2990 277 3049 Hoc
296 2990 406 3049 nomine
432 2993 600 3068 praestiterit
625 2978 716 3050 codd.
736 2995 888 3071 scriptura:
908 2992 946 3050 od
969 2958 1072 3067 bboc:
1084 3012 1140 3070 qna
1168 2990 1307 3071 probabilis

214 3085 298 3125 cansa
325 3066 460 3135 affertur,
486 3086 536 3124 cur
555 3089 572 3124 a
592 3070 680 3125 nitore
705 3068 790 3126 lunae
815 3068 852 3126 ad
875 3068 1053 3146 splendorem
1072 3070 1203 3147 Capitolii
1223 3067 1306 3126 oculos

213 3145 389 3203 converterit.
428 3143 532 3201 Verum
551 3145 605 3201 loci
623 3145 716 3221 potius
734 3145 972 3221 propinquitatem
991 3156 1091 3204 notare
1109 3147 1197 3204 uoluit
1214 3154 1305 3222 poetas

212 3238 298 3298 prope
318 3220 425 3295 mom,
448 3219 568 3298 ideoque
587 3237 674 3297 poeno
691 3220 773 3278 abnui
793 3239 854 3278 mom
872 3221 923 3280 tota
935 3222 1072 3300 Capitolia
1083 3240 1114 3279 se
1128 3224 1283 3299 conspicatn

212 3313 284 3354 esse.
324 3296 388 3352 Hoc
406 3315 519 3374 quoque
537 3315 591 3375 per
610 3294 844 3373 praepositionem
863 3296 898 3356 ob
916 3297 977 3356 tisri
995 3307 1121 3376 poterat3
1145 3298 1204 3357 rid.
1222 3292 1305 3355 Hand

200 3368 301 3432 ¹'sura
321 3381 380 3430 tom
405 3374 429 3431 l.
454 3391 486 3453 p.
512 3376 563 3449 48,
587 3373 637 3429 49.
684 3370 799 3431 Ouidius
825 3372 893 3431 Met.
921 3377 952 3449 9,
980 3379 1037 3432 33:

708 3451 835 3526 nanque
852 3468 869 3508 a
886 3462 1089 3528 pectoreoorns

511 3528 548 3584 lot
565 3526 685 3584 alcimae
702 3543 814 3583 mnus.
1054 3539 1059 3551 ·

147 3610 150 3621 '
212 3596 281 3660 ibid.
303 3600 351 3676 14,
360 3599 413 3659 95:
432 3601 615 3678 Membraque
626 3605 766 3661 conmorit
776 3600 1038 3680 normqrmafronte
1047 3605 1165 3662 sosimus
1177 3598 1310 3664 caruit

212 3675 285 3736 illud
304 3679 447 3754 expressit,
465 3679 541 3770 quod
559 3679 680 3736 Rutilius
697 3678 726 3736 in
744 3678 886 3736 itinerario
905 3698 932 3737 v.
952 3680 1003 3755 50,
1020 3681 1149 3755 sortasse,
1169 3691 1201 3739 ut
1219 3678 1273 3738 mul

212 3771 249 3812 cx
273 3752 316 3811 bis
333 3755 409 3812 libris
432 3757 569 3813 imitatusr
607 3756 676 3812 Nou
702 3751 798 3831 procul
816 3773 835 3812 a
854 3753 926 3813 cocto
943 3774 993 3832 per
1010 3763 1061 3815 tou
1085 3757 1186 3834 templo
1211 3774 1245 3814 su

212 3838 244 3888 et
262 3831 310 3907 qni
327 3828 365 3887 ad
382 3849 446 3888 eum
464 3832 555 3888 locum
574 3830 723 3888 laudantur
738 3832 783 3887 'ab
806 3829 1019 3908 interpretibus,
1038 3834 1158 3892 Martial.
1185 3837 1233 3907 10,
1259 3829 1307 3887 m·

215 3905 362 3964 Claudiae.
381 3925 437 3964 sec.
458 3927 532 3966 cons.
561 3907 623 3966 Stil.
644 3927 671 3963 r.
693 3911 747 3964 las
766 3926 809 3984 sq.
847 3906 921 3964 Nam
946 3912 1063 3967 cumino
1086 3912 1183 3969 ciariis
1206 3904 1306 3967 sedibus

137 3990 139 3995 ’
212 3979 471 4059 babiloniorum,
493 3984 613 4041 delore
634 3981 792 4060 Capitolino
813 3981 973 4061 deabusque
992 3977 1135 4053 συννάοις
1158 3986 1250 4063 potius
1267 3982 1307 4038 in-

211 4059 330 4136 telligas,
355 4078 439 4137 quam
458 4061 495 4117 de
513 4060 555 4117 his
574 4079 636 4117 cnm
656 4059 738 4134 luna,
759 4068 788 4116 et
812 4059 923 4138 reliquis
949 4062 979 4119 iu
999 4063 1077 4121 coelo
1103 4064 1153 4119 diis
1175 4059 1305 4118 omnibus.

189 4214 193 4227 .
210 4133 339 4216 Alioquin
351 4138 447 4221 ,otiosa
465 4147 494 4196 et
512 4155 686 4214 supervacua
706 4145 798 4201 essent
815 4135 879 4195 illa:
898 4140 982 4217 Hono
999 4157 1048 4217 eqo
1066 4140 1226 4219 susspiciens.
