2650 4700
213 170 288 244 rot
584 159 618 218 r.
639 157 946 226 ovmuuasorus

1309 121 1310 178 i

210 348 307 449 Quid
329 349 408 450 suit,
431 355 472 425 ut
495 353 593 432 totas
616 349 774 448 agitaret
796 348 985 429 Daedalus
1009 350 1101 449 alas,
1309 321 1310 414 i

161 537 166 548 Ι
260 457 386 532 learns
410 454 601 528 immensas
624 454 768 529 nomine
793 455 914 551 signet
939 454 1079 554 aquas?
1307 437 1310 556 i

214 558 357 658 Nempe
381 555 478 655 quod
501 554 561 632 hio
584 553 671 649 alte,
693 552 882 630 demissius
905 555 967 634 ille
993 557 1161 654 volabat,
1309 561 1310 570 ’

65 658 68 666 ’
263 662 360 736 Nam
383 683 524 759 pennas
549 658 651 733 ambo
679 681 752 732 non
776 656 937 735 habuere
964 683 1063 735 suas.

107 765 113 801 ³
162 768 200 827 2⁵
215 760 338 840 Crede
363 760 457 851 mibi,
482 759 576 838 bene
602 762 660 859 qui
687 759 792 835 latuit
816 760 910 838 bene
935 762 1041 855 vixit,
1065 767 1104 842 et
1128 762 1225 842 inira

221 947 223 952 ,
261 866 460 941 Fortunam
481 862 590 938 debet
616 862 767 964 quisque
790 886 937 941 manere
962 889 1074 941 stram.

211 967 300 1044 Non
324 965 420 1043 foret
438 964 623 1043 Eumedes
647 965 770 1061 orbus,
793 966 827 1040 si
854 965 950 1044 iilius
974 969 1055 1046 eius

515 1137 585 1192 -21.
623 1133 744 1212 agitarit.
820 1135 869 1194 24.
906 1129 997 1192 suasi

213 1278 286 1335 tinto
304 1293 338 1334 ea
355 1281 449 1353 para,
472 1293 529 1351 pua
554 1293 654 1351 eorpus
679 1275 805 1348 laeam
827 1273 974 1351 alapantes.
1013 1273 1075 1335 Cir.
1099 1272 1170 1333 Met.
1199 1263 1247 1349 1'0,
1265 1273 1309 1335 4⁹·

212 1354 390 1411 Debilitatem
410 1352 447 1408 de
472 1352 575 1429 pedum
601 1355 666 1410 vitio
686 1354 756 1410 dixit
774 1354 842 1410 Seu.
862 1372 909 1430 ep.
927 1353 977 1411 bb.
993 1350 1032 1413 tie
1051 1353 1209 1431 gestatione
1225 1354 1255 1409 in

209 1431 298 1488 stica:
321 1427 495 1486 Debilitatem
512 1427 591 1486 nobis
609 1429 772 1487 indisertum
790 1429 911 1488 deliciae.

288 1511 336 1563 21.
377 1521 557 1562 noruaunr.
597 1504 665 1563 Sine
684 1508 758 1563 libris
779 1506 906 1563 Heinsius
932 1505 1067 1570 correxit:
1095 1504 1224 1579 epitacii,
1242 1497 1309 1580 qnid

212 1599 265 1640 nec
284 1601 318 1638 ex
337 1581 437 1638 nostris
457 1582 528 1637 nilus
548 1581 703 1638 confirmat.
743 1582 788 1639 De
807 1582 939 1641 Francos.
959 1593 989 1640 et
1007 1580 1143 1641 Berueosi
1168 1580 1262 1637 nescio

211 1660 290 1716 obliti
308 1659 412 1715 suerint
430 1666 576 1730 annotare,
596 1658 644 1733 qui
664 1659 850 1716 contulerunt.
1310 1697 1311 1738 ,

288 1740 336 1791 22.
375 1750 559 1791 saturasse.
603 1738 720 1792 lcareos
748 1733 824 1793 Busi.
847 1735 934 1793 Bern.
960 1742 991 1792 et
1017 1732 1074 1790 duo
1100 1732 1220 1805 Heina,
1242 1727 1311 1806 quoti

211 1809 357 1870 Bentleins
374 1810 413 1866 ‘ad
431 1811 502 1866 Hor.
521 1827 606 1867 carm.
625 1815 656 1883 2,
676 1815 725 1879 20,
745 1814 792 1868 13.
812 1811 959 1888 probabat.
999 1828 1153 1887 neqrtoreus
1172 1809 1230 1865 dno
1247 1799 1311 1868 linai

213 1890 359 1945 imutcrsos
380 1885 523 1944 Leidensis
542 1896 671 1963 uterque,
690 1887 770 1944 Serv.
786 1887 880 1945 Berol.
902 1897 931 1945 et
949 1888 1032 1964 prim.
1053 1886 1101 1945 ed.
1140 1886 1223 1948 Hauc
1241 1879 1311 1940 enai-i

213 1965 296 2040 lagen
315 1964 425 2021 ridetur
443 1965 576 2039 probasse
596 1964 661 2019 alirn
681 1964 819 2033 Heinsius,
839 1964 887 2042 qni
913 1961 1115 2039 adscripscrat:
1145 1951 1308 2020 anemii·

214 2039 325 2097 boantes
348 2043 379 2096 ia
403 2038 504 2110 anda,
529 2040 670 2114 quomodo
695 2040 772 2098 Fast.
799 2046 829 2113 2,
850 2044 917 2100 389.
944 2058 979 2098 ex
1005 2039 1161 2112 Hamburg.
1180 2045 1210 2095 et
1229 2025 1311 2112 Vatssp

214 2115 298 2172 codd.
323 2116 378 2192 legi
404 2116 463 2192 vult
486 2116 514 2170 iu
540 2115 648 2171 schedis
675 2116 741 2173 suis.
786 2135 929 2191 mensus,
959 2116 1005 2173 rel
1031 2117 1160 2189 Aepoeos
1185 2109 1311 2170 Frabdtn

214 2192 341 2249 coniecit.
379 2192 473 2263 sipont
493 2192 564 2265 Reg.
585 2191 659 2247 Mor.
678 2188 759 2247 Leid.
786 2203 923 2269 uterque,
950 2193 1015 2250 Juu.
1035 2201 1064 2248 et
1084 2199 1216 2268 quatuor.
1253 2188 1311 2262 fedi

215 2268 292 2323 Gall.
311 2266 390 2332 Busl.
409 2266 522 2327 Pirckb.
541 2267 664 2343 quinque
683 2268 798 2342 Heinsii,
818 2269 904 2326 Bern.
925 2268 1042 2344 Segusa
1062 2267 1127 2324 Rel.
1148 2275 1177 2323 et
1196 2266 1242 2324 ed.
1259 2261 1311 2322 Be*

214 2362 282 2401 non.
314 2343 530 2403 Barbariniauus
554 2345 594 2401 ita
620 2362 729 2403 uersum
763 2346 953 2425 concipiebat:
983 2346 1094 2404 leonius
1128 2362 1234 2421 aequor
1263 2349 1311 2409 at,

93 2464 98 2473 .
214 2422 287 2477 ntiae
303 2428 396 2477 mmet
413 2438 512 2496 asperus.
1295 2418 1301 2439 ¹

290 2501 339 2553 23.
378 2514 563 2554 onnrsstus.
602 2494 804 2554 dantismrs'iiie
827 2494 922 2557 Palat.
970 2497 1031 2556 rim.
1058 2495 1145 2558 Bon.
1185 2495 1252 2556 dim‘

214 2578 247 2629 at
264 2572 311 2629 iiie
328 2572 439 2629 Pirctn.
462 2573 506 2630 ed.
527 2573 638 2631 Bonou.
678 2573 813 2630 demissas
832 2580 858 2629 et
878 2573 924 2631 tta
942 2575 1018 2631 oali.
1274 2634 1281 2645 ,

292 2653 340 2711 24.
378 2666 445 2706 nort
465 2666 628 2706 annuens.
666 2669 756 2708 nonne
775 2648 893 2717 itobrtere
908 2651 1036 2708 Heinsius
1061 2647 1215 2722 suadebat3
1241 2648 1273 2705 N

214 2742 321 2801 pennos
340 2723 523 2783 Brukhnsius.
562 2726 788 2803 interrogationis
813 2738 908 2783 uotam
932 2728 1030 2784 sustuli
1056 2725 1193 2783 suadente
1219 2723 1269 2781 Jab

214 2820 242 2856 v.
263 2800 292 2857 d.
312 2802 341 2857 in
360 2802 460 2856 Auual.
479 2800 599 2877 paedag.
620 2813 642 2858 t.
664 2806 692 2860 9.
713 2823 744 2879 p.
764 2805 832 2875 62.,
859 2821 942 2880 quem
968 2813 1061 2861 tamen
1086 2803 1173 2860 nolim
1190 2798 1273 2858 Beati

118 2876 170 2947 .'·'
215 2872 331 2953 obioqui
350 2876 386 2933 de
406 2887 559 2932 structura:
587 2896 643 2935 noa
669 2897 748 2936 suus.
788 2878 910 2953 Flagitat
935 2898 996 2936 earu
1025 2889 1154 2936 constans
1173 2888 1241 2955 poet

209 2972 293 3026 sarrs,
311 2972 368 3028 qrto
387 2952 521 3009 adiectiva
540 2964 570 3009 et
588 2957 673 3011 rerba
692 2955 786 3011 addita
811 2955 932 3030 negandi
958 2954 1092 3033 particula
1119 2970 1176 3013 uon
1206 2971 1274 3028 nega

214 3030 266 3086 sed
286 3029 452 3087 contrarium
471 3028 620 3086 affirmant.
660 3031 796 3088 Chartam
814 3031 979 3108 perderem,
1004 3034 1027 3090 si
1051 3032 1151 3089 velex
1176 3030 1220 3087 bis
1242 3031 1302 3105 lib,

58 3160 59 3163 ,
215 3106 344 3240 epompio
369 3105 570 3179 adscriberem3
597 3109 711 3184 copiose
735 3126 795 3165 rem
819 3110 946 3165 tractauit
977 3108 1159 3165 Marklandus
1182 3107 1222 3164 ad
1246 3106 1267 3164 S

137 3224 139 3229 -
214 3184 311 3240 siu.l
346 3187 361 3238 1
395 3185 443 3239 82.
815 3199 817 3203 ·
1281 3194 1284 3203 '

291 3222 342 3316 223).
365 3222 496 3316 'rarum
541 3257 621 3330 infra
646 3257 738 3317 Palat.
765 3260 848 3335 prim.
874 3258 947 3317 Mor.
973 3258 1051 3319 Busl.
1072 3267 1101 3316 et
1120 3257 1178 3317 dno
1204 3256 1257 3316 Hei

214 3333 295 3467 guod
312 3336 360 3390 ilie
378 3337 526 3411 probabat.
565 3334 735 3391 Discriminis
754 3335 821 3413 quid
840 3337 875 3392 sit
893 3338 966 3394 inter
978 3346 1125 3412 utramque
1143 3335 1308 3413 scriptum

236 3429 323 3468 coeca
343 3419 542 3468 commonstrat
559 3429 605 3487 ep.
626 3415 680 3467 26:
707 3430 795 3488 sermo
813 3430 919 3469 omnem
936 3416 1086 3489 potentiora
1105 3419 1157 3486 est,
1179 3419 1250 3469 uerte

171 3492 174 3496 '
214 3491 263 3542 tro
282 3504 398 3543 mucor.
437 3486 601 3544 Sententiae
619 3498 714 3544 tamen
739 3490 830 3561 ratio,
856 3490 1029 3564 frequentior
1054 3489 1224 3569 scriptorum

214 3580 285 3638 quos
304 3564 366 3619 vide
386 3562 461 3639 apud
480 3565 682 3635 Romanunm,
702 3572 732 3621 et
749 3565 881 3621 tior-omn
906 3566 1005 3640 iugens
1034 3582 1165 3633 uumerus
1184 3564 1225 3638 id,
1243 3582 1261 3638 q
1280 3560 1287 3571 '

138 3704 141 3714 ‚
213 3647 327 3771 praeger
354 3639 504 3697 Heinsium'
525 3642 562 3696 ab
591 3643 719 3699 omnibns
747 3642 847 3697 criticis
873 3644 1022 3719 probatum
1041 3640 1214 3715 exhibemus,
1242 3650 1312 3695 con-¹

137 3756 139 3767 .
213 3722 356 3773 incoant.
824 3752 827 3759 ,
1248 3748 1252 3753 >

292 3794 340 3847 27.
380 3807 542 3865 sumanus,
561 3810 654 3849 reram
674 3792 856 3869 scripturam,
881 3790 986 3868 Regios
1005 3801 1033 3848 ct
1052 3790 1141 3850 Servii
1160 3790 1306 3849 raumutt

190 3863 333 3923 -sortasse
357 3865 524 3942 Beruensis,
553 3870 588 3924 si.
603 3871 759 3925 accuratius
784 3868 915 3931 Francos.
936 3870 971 3924 sit
1000 3868 1135 3942 collatus,
1159 3866 1304 3939 serrabad·

214 3941 374 3999 Enntnides
392 3943 583 4020 Palatsprim.
612 3944 759 4002 Guelferb.
785 3943 917 4000 Francos.
936 3954 965 4001 et
983 3945 1063 4001 rn'nlti
1080 3963 1143 4015 cnm
1163 3952 1232 4006 vett.
1249 3932 1312 4000 edd·¹

215 4018 363 4077 annam
382 4016 499 4077 Puteau.
538 4021 591 4077 Alii
618 4022 687 4076 abas
712 4022 848 4111 ineptias,
877 4037 946 4097 quas
965 4020 1073 4079 referre
1098 4020 1169 4076 tanti
1188 4037 1243 4076 non
1259 4020 1312 4095 ests

211 4092 313 4153 Glossa
337 4094 465 4153 Pactu:
493 4095 628 4154 Patrocles
649 4101 782 4155 Eumenes
806 4094 893 4168 tibiura.
931 4096 1008 4154 Num
1033 4095 1196 4154 Patroclum
1219 4088 1303 4165 volut,
