2650 4700
499 177 550 238 sl)
569 173 659 237 llilll.
1035 185 1112 263 357

15 384 44 432 rt
70 369 234 430 Callimachi
266 369 346 449 quasi
371 365 459 425 verbs
491 363 608 431 amicum
642 359 779 424 laudaret.
829 365 911 436 erc
942 367 1005 430 latro
1031 381 1112 431 canta

15 463 104 545 aptior
128 474 210 538 erat,
235 477 299 522 runt
318 480 336 521 a
354 449 545 520 Callimacheis
569 457 622 515 illis
646 458 802 536 praeceptis
815 469 877 517 «aut
902 460 950 520 illo
967 464 1021 521 ism
1039 475 1111 525 tcm-

15 578 91 637 pcrc,
110 565 162 618 aut
180 554 268 635 paulo
288 566 354 635 post
371 552 533 612 deflexerint
550 548 688 607 Domitius
707 549 816 616 Marsus
840 548 923 630 longa
942 557 1129 618 Amazonicis'

15 666 42 710 ct
61 650 187 728 turgidus
205 650 253 708 ille
270 650 371 708 Furius
390 642 538 704 Bibaculus
556 641 732 722 Aethiopide,
759 645 834 723 quod
862 657 1009 728 utrumque
1027 669 1110 730 argu.

17 756 137 804 mentum
157 743 193 800 de
212 743 290 818 cyclo
310 741 426 819 petitum
445 746 515 796 erat.
875 819 876 822 Ἴ

88 836 199 894 Eodem
220 835 281 893 iere
300 847 427 913 tempore
446 847 557 888 carmen
577 829 711 906 scriptum
729 848 790 890 esse
816 832 950 906 existimo,
969 834 1043 913 quod
1063 856 1111 895 sx-

16 942 71 1004 tnt‚
99 932 175 989 Giris
199 930 360 1006 inscriptum
379 936 408 986 et
433 943 495 986 cum
521 922 678 999 virgilianis
702 924 748 983 edi
770 925 896 983 solitumr
922 943 1010 1004 neque
1027 931 1112 1007 plano

17 1025 143 1092 iocum,
174 1023 373 1083 subobscurum
400 1028 430 1079 et
456 1016 647 1095 graecissans,
679 1026 765 1095 atque
793 1017 877 1075 ruodo
910 1023 1111 1084 nominatorem

19 1138 112 1196 opera,
137 1125 273 1194 quantum
291 1114 327 1194 ad
347 1113 492 1174 locutionis
511 1120 541 1169 et
558 1127 687 1168 rensuum
713 1108 967 1170 conformationem.
1004 1118 1111 1185 Quam.

20 1231 96 1289 quam
116 1210 232 1268 iudicari
250 1209 305 1265 hoc
323 1226 379 1265 non
398 1206 450 1264 nisi
471 1223 506 1263 ex
524 1203 630 1280 aliquot
651 1204 774 1261 versibus
792 1202 829 1262 de
848 1205 927 1262 Calvi
946 1206 980 1264 Io
999 1220 1026 1267 et
1044 1212 1113 1270 Cin.

19 1325 67 1364 nae
86 1306 208 1380 Smyrna
228 1300 331 1361 relictis
350 1311 452 1379 potest.
490 1299 564 1356 Curn
590 1296 767 1375 epithalamio
793 1296 951 1357 Catulliana
977 1310 1050 1361 tanta
1068 1313 1112 1363 erl

19 1402 74 1457 eius
95 1396 263 1466 similitudo,
289 1405 355 1453 uta
375 1394 463 1451 multo
488 1393 592 1449 seriore
618 1400 702 1468 poeta
727 1391 764 1448 ad
789 1387 864 1451 illius
891 1392 1046 1469 exemplum
1067 1396 1110 1455 es.

20 1492 110 1549 fictum
137 1489 360 1569 pronunciaverit
384 1486 508 1561 Silligius
531 1484 610 1560 Virg.
642 1483 745 1562 Wagn.
770 1494 793 1542 t.
818 1487 864 1559 4.,
890 1504 921 1563 p.
953 1485 1029 1559 155,
1053 1507 1110 1564 squv

21 1595 177 1663 quanquam
196 1601 249 1641 nec
267 1582 303 1638 ad
322 1580 389 1638 illud
414 1580 521 1653 solum,
544 1577 596 1635 sed
620 1578 703 1636 ctiam
729 1577 765 1635 ad
791 1578 932 1637 Graecum
956 1579 1066 1657 aliquod
1087 1594 1112 1642 u

22 1697 37 1735 c
53 1678 216 1735 iuvenilibus
235 1675 341 1750 Virgilii
359 1672 506 1751 poematis.
549 1671 676 1746 Vereor,
702 1690 738 1729 ne
755 1678 778 1730 si
797 1674 878 1749 plura
904 1673 982 1730 Calri
1001 1681 1031 1729 et
1050 1672 1117 1730 Cin·

22 1789 72 1829 nac
90 1780 232 1843 extarent,
252 1766 399 1824 dicendum
417 1760 491 1824 soret
517 1765 600 1823 etiam
628 1782 663 1832 ex
689 1765 764 1844 illis„
790 1766 873 1834 Quae
899 1766 972 1824 enim
997 1765 1118 1841 Silligiur
1183 1817 1185 1832 ,

23 1865 126 1943 profert
145 1860 280 1921 eiusmodi
299 1859 375 1933 sunl,
393 1868 425 1916 ut
444 1859 582 1915 communi
600 1859 716 1921 istorum
740 1870 886 1935 poetarum
910 1860 1031 1924 omniurn
1050 1876 1119 1915 con·

23 1958 157 2018 suetudini
193 1953 339 2021 tribuenda
369 1950 523 2009 rideantur.
572 1951 673 2010 Oratio
702 1953 830 2029 poetica,
867 1972 940 2031 quae
972 1955 1120 2010 coniuncta

24 2055 129 2111 illorum
149 2067 237 2128 opera
257 2045 375 2124 expoliri
393 2047 498 2123 coepit,
515 2046 615 2102 mirum
636 2056 720 2119 essct,
739 2046 763 2103 si
781 2048 865 2104 cuivis
888 2047 1033 2119 peculiaris
1050 2044 1121 2102 suis·

24 2158 70 2209 set.
107 2146 141 2203 ln
162 2142 344 2200 adornatione
362 2141 489 2196 carminis
509 2140 624 2217 eiusque
649 2139 769 2217 partium
789 2150 820 2197 ut
837 2142 934 2199 similia
953 2140 1122 2217 effingeren-

24 2250 75 2312 tur,
94 2239 199 2317 partim
218 2235 308 2292 brevis
326 2235 373 2290 ille
392 2233 545 2302 carminum
563 2232 695 2308 ambitus,
722 2235 822 2311 partim
842 2235 1026 2312 ingeniorum,
1046 2232 1122 2311 qnod

24 2331 165 2391 latendum
185 2337 237 2400 est,
257 2326 445 2399 rnediocritas,
470 2328 572 2405 partim
590 2328 746 2386 communia
764 2329 817 2387 illis
835 2326 1008 2389 Graecorum
1028 2345 1123 2385 exem·

24 2422 68 2503 pla
94 2423 258 2482 effecerunt.
281 2423 371 2509 ¹Nam
397 2421 473 2499 quod
500 2441 632 2497 magnum
661 2421 729 2478 illud
762 2430 844 2499 putat
869 2423 1009 2498 Silligius,
1044 2429 1129 2478 tanta<

23 2518 146 2596 epuodia
164 2518 192 2574 in
212 2527 331 2593 utroque
350 2516 484 2589 carmine,
505 2516 684 2592 epithalamio
709 2525 739 2572 et
764 2516 832 2589 Ciri,
854 2515 934 2571 simili
959 2513 1043 2571 morlo
1070 2528 1124 2589 per

25 2614 137 2691 peplum
156 2609 337 2668 Athenaicum
357 2617 386 2665 ct
404 2608 556 2683 stragulam
582 2606 693 2666 indncir
719 2608 749 2666 id
767 2609 803 2666 ab
830 2607 1028 2679 Alexandrinis,
1047 2604 1124 2684 aputl

24 2723 92 2781 quos
118 2705 255 2782 pleraque
278 2700 413 2758 eiusmodi
438 2701 588 2761 etiamnum
617 2712 730 2776 extant,
756 2702 922 2762 didiceruntss
966 2708 1006 2760 Ac
1033 2710 1125 2759 toturn

25 2797 76 2856 lroc
104 2816 193 2873 genus
219 2796 409 2853 Romanorum
435 2802 582 2874 poetarum
607 2814 670 2854 curn
697 2815 732 2855 eo
758 2799 870 2857 nomine
901 2796 1064 2857 traducatur
1087 2794 1124 2853 ab

25 2891 143 2948 Horatio
162 2889 228 2947 artis
247 2891 373 2970 porticae
392 2890 491 2961 initio,
518 2887 637 2947 sonasse
661 2892 745 2949 etiarn
770 2891 807 2950 ad
826 2892 963 2970 stragulae
982 2892 1042 2951 illas
1059 2905 1124 2966 spc-

24 2994 104 3042 ctant
122 3002 232 3042 versus:
271 2987 433 3059 Purpureus
452 2982 510 3040 lala
526 2987 576 3061 qui
591 2984 746 3063 splendent,
765 3004 839 3045 unus
855 2994 883 3046 sl
899 2986 986 3058 alar,

272 3078 410 3135 Assuilur
428 3093 541 3152 ponnus
559 3108 620 3134 —-..

24 3168 201 3228 Similitudini
228 3169 349 3247 deniqne
375 3170 420 3227 isti
444 3179 545 3247 sponte
569 3173 695 3230 nascenti
720 3171 873 3232 accedebat
895 3191 977 3248 mos,
1001 3173 1126 3250 quamvis

24 3268 114 3322 scrius
140 3264 282 3341 aliquanto
308 3263 432 3320 fortassis
457 3281 482 3320 a
495 3263 609 3339 Virgilio
633 3266 807 3342 potissimum
833 3275 996 3343 usurpatus,
1023 3268 1127 3327 alienos

24 3374 121 3413 versus
139 3355 257 3413 nonoris
276 3375 359 3414 rausa
378 3355 545 3432 applicandi.
591 3357 672 3414 Haec
696 3360 868 3436 potissimum
892 3360 1072 3432 consuetudo,
1091 3360 1128 3419 de

22 3468 80 3528 qua
109 3447 242 3506 disermm
268 3458 346 3507 extat
370 3449 459 3507 Servii
490 3451 675 3508 testimonium
701 3451 739 3525 ad
764 3453 842 3529 Virg.
870 3454 921 3511 eol.
949 3457 1004 3530 10,
1030 3456 1078 3513 46.
1098 3462 1128 3513 ct

22 3544 78 3602 Ge.
103 3548 133 3616 l,
154 3544 242 3615 375„
265 3561 324 3601 non
344 3545 472 3618 ignorata
497 3541 544 3599 illa
562 3560 580 3598 a
599 3543 723 3621 Silligio,
752 3555 843 3603 tamen
864 3546 891 3602 in
911 3548 1032 3605 versibus
1057 3549 1128 3606 Ciris
1186 3607 1189 3612 ,
1299 3582 1302 3587 «

22 3644 50 3697 et
68 3654 192 3714 operum
212 3636 425 3713 Virgilianorum
451 3636 642 3694 communibus
666 3639 803 3697 maximae
830 3637 975 3698 offensioni
999 3641 1053 3699 fuit
1067 3644 1129 3699 viro

22 3729 261 3809 elegantissimo.¹
289 3730 411 3787 Causam
437 3728 696 3793 mcx‘ridcbimusr
722 3752 798 3790 nuno
822 3733 910 3810 illud,
930 3750 987 3792 ¹cur
1010 3736 1033 3792 si
1060 3736 1131 3793 Ciris

22 3832 124 3882 rumor
144 3821 207 3879 illos
226 3839 244 3878 e
263 3819 382 3899 Virgilio
401 3820 510 3879 iuratus
529 3822 576 3897 sit,
595 3824 624 3881 id
644 3834 736 3905 tanqen
761 3825 849 3884 serius
874 3825 980 3885 sactum
1004 3841 1130 3905 negetur,

20 3933 108 3993 qnam
130 3926 258 3973 extremo
277 3917 395 3992 Augusti
413 3925 551 3992 tempore.
589 3916 726 3977 Messalae
746 3918 820 3975 enirn
838 3929 915 3977 certe
932 3922 1015 3979 etiam
1033 3933 1132 3999 postca

19 4022 115 4086 crant,
136 4010 236 4086 quibus
254 4018 311 4067 tarn
330 4009 484 4067 artificiose·
495 4010 653 4067 corniculae
673 4012 846 4088 Aesopianae
863 4013 946 4071 morlo
964 4022 1128 4077 ,exornatum

19 4120 138 4161 armen
163 4101 291 4251 ὀοάἰςεξ
311 4105 455 4180 potuisset.
502 4103 541 4160 At
564 4102 671 4167 scilicet
696 4103 769 4160 Ciris
791 4124 872 4165 versu
896 4090 1019 4175 secundo
1046 4111 1132 4167 irrita
