2650 4700
209 203 284 278 354
486 174 490 183 ’
667 189 931 298 raoousto·

214 403 273 444 ram
291 381 428 455 derivare,
447 375 571 456 illudque
590 389 722 457 tanquam
747 376 904 454 fortuitum,
930 396 983 438 uec
1012 377 1078 439 data
1100 395 1196 459 opera
1217 383 1315 461 quad

214 492 275 538 tour
300 474 447 534 inducere:
477 472 514 531 de
538 490 594 549 qua
620 490 652 530 re
671 491 722 530 cur
746 471 906 547 dubitetur,
935 490 1038 532 causae
1062 472 1127 532 nihil
1158 493 1233 534 ase
1259 475 1315 548 irrfi

217 568 389 650 probabitur.
428 565 545 644 Operae
563 566 697 644 pretium,
711 565 826 641 ⁸opinor,
845 565 989 640 faciemus,
1009 567 1032 624 si
1048 553 1250 645 inquiramus,
1280 589 1315 640 αι

217 679 283 723 nom
302 661 330 718 in
349 658 403 718 boc
430 659 568 730 carmine,
595 676 680 735 qnam
706 658 757 716 sibi
782 657 852 735 ipsi,
878 659 992 717 similior
1018 658 1133 719 Ovidius
1154 671 1188 720 et
1206 655 1315 736 voluer

216 771 299 829 esse,
323 761 353 812 et
377 751 471 811 luerit.
517 751 625 810 Dixerit
651 751 767 831 aliquis:
798 761 875 809 certe
899 750 974 811 Ibidi
999 752 1159 813 adversario
1192 774 1275 832 suo;
1299 777 1315 830 q

221 865 306 927 quem
325 864 378 921 ego
399 845 496 902 melius
514 842 656 919 hariolari,
673 862 757 922 qoam
777 862 794 901 a
812 862 955 922 quoquam
972 844 1116 923 bucusque
1145 845 1265 906 factum
1286 835 1315 922 ed

220 938 414 1012 concederem,
433 936 558 996 simodo
577 937 740 996 hariolando
765 956 838 1015 opus
864 946 946 997 esset.
984 937 1086 1017 Neque
1097 949 1202 998 'tamen
1227 937 1315 1030 ειη

220 1032 438 1110 disquisitionem
472 1030 703 1107 subterfugiamus
729 1031 768 1088 ita
794 1048 909 1108 prorsus
943 1030 1159 1107 instituendam,
1194 1037 1315 1116 tanqu*

219 1129 314 1200 istum,
344 1142 427 1201 qoem
446 1124 562 1181 illusisse
580 1122 713 1181 imitando
733 1122 859 1181 rideatur
878 1123 1009 1193 Ovidius,
1034 1125 1233 1202 investigatnri
1261 1143 1315 1196 osuv

219 1236 294 1291 mus,
319 1216 355 1274 de
380 1225 440 1298 toto
468 1218 515 1275 illo
542 1226 687 1292 poetarum
712 1217 903 1275 Romanorum
931 1236 1062 1290 numero,
1091 1219 1114 1275 si
1132 1218 1198 1277 fieri
1232 1225 1315 1299 possi

219 1311 268 1387 qui
287 1310 354 1367 illud
384 1309 546 1369 cabimoobi
568 1328 655 1386 genus
680 1308 726 1368 Ib.
745 1326 772 1366 s.
791 1307 841 1368 68,
860 1315 985 1367 secutum
1010 1312 1066 1385 sit,
1092 1309 1120 1369 h.
1143 1329 1172 1370 e.
1198 1312 1315 1390 narbam

220 1423 248 1461 ι.
268 1403 338 1476 b9.,
364 1401 497 1460 ilistorius
515 1421 612 1462 coccus
629 1423 656 1461 v.
676 1404 744 1477 57„
769 1412 798 1460 et
826 1397 967 1479 quandam
991 1422 1053 1461 cum
1081 1402 1162 1461 lbide
1190 1403 1315 1480 Orid‘m

219 1496 423 1556 similitudinem
441 1495 578 1555 babuerit.
616 1495 719 1574 Neque
743 1494 839 1554 inutile
858 1497 910 1553 erit
937 1495 1019 1553 altius
1044 1513 1106 1553 eam
1131 1501 1315 1576 quaestioosr

223 1597 353 1666 repetere
371 1607 406 1647 eo
426 1588 551 1665 oonsilio,
571 1598 602 1647 ut
616 1590 644 1647 si
661 1597 768 1646 certum
786 1597 918 1666 poetam,
946 1606 1031 1666 quem
1047 1587 1125 1646 Naso
1145 1595 1315 1667 spectanti

220 1698 277 1738 uon
298 1681 478 1756 inveniamus,
506 1702 590 1760 quam
610 1681 767 1760 plenissime
793 1690 871 1739 certe
894 1691 1040 1759 poetarum
1065 1682 1141 1740 illam
1168 1694 1315 1792 sectam,q

218 1790 277 1851 qua
295 1773 358 1850 fuit,
376 1793 587 1853 cognoscamus,
605 1784 697 1851 atque
714 1774 753 1830 ita
780 1792 916 1831 summam
944 1777 1019 1833 istius
1042 1776 1081 1834 rei
1109 1786 1281 1853 teneamus,
1303 1798 1315 1856 q

217 1865 368 1926 minutiora
385 1879 526 1929 momenta
546 1876 667 1927 vetustas
687 1866 765 1924 nobis
784 1867 931 1943 inviderit3
951 1869 1005 1926 alia
1023 1870 1095 1926 euim
1114 1880 1183 1928 suot
1194 1873 1315 1931 utilite·

218 1960 275 2018 alia
294 1961 477 2036 curiositatis;
502 1961 622 2040 deniqne
641 1960 707 2038 quia
725 1960 791 2037 qnid
819 1969 931 2019 occutus
949 1963 985 2020 sit
1003 1960 1119 2020 Ovidius
1145 1965 1177 2021 in
1281 1969 1290 1982 ⁸

218 2052 272 2111 bus
283 2052 444 2123 scribendis,
461 2052 502 2112 ita
519 2053 630 2110 demum
650 2061 726 2110 recte
744 2053 858 2111 iudicari
877 2055 979 2131 potest,
999 2056 1023 2112 si
1041 2056 1172 2131 sciamus,
1191 2059 1294 2135 quido

193 2164 198 2171 ·
219 2145 280 2223 qni
297 2148 440 2206 solitus
458 2166 527 2204 non
546 2145 681 2221 inerit,
706 2146 764 2204 sive
782 2148 864 2205 iu-eo
883 2149 919 2203 ab
939 2147 1112 2225 aequalibus,
1130 2151 1192 2210 sive
1212 2171 1231 2210 a
1252 2154 1296 2232 p·

218 2238 295 2296 ribus
318 2241 405 2317 paolo
430 2241 521 2319 poetis
546 2238 710 2297 discesserit.
758 2241 865 2298 Totum
893 2249 988 2298 autem
1014 2238 1081 2296 illud
1109 2256 1277 2319 poematum

215 2339 363 2410 poetarum
383 2353 481 2411 genus,
501 2331 576 2411 quod
596 2331 795 2395 Callimachum
823 2335 938 2413 eiusque
957 2332 1269 2414 simillimossaliosffl
1270 2341 1279 2357 '

215 2432 280 2483 'rum
301 2428 513 2502 Alexandrinos,
532 2425 730 2500 Antiochenos,
750 2427 871 2506 denique
898 2428 1066 2485 recentiores
1085 2430 1216 2491 Graecos

215 2526 323 2594 meret,
340 2539 376 2580 eo
395 2532 545 2601 tempore,
571 2540 628 2598 quo
648 2519 765 2579 Ovidius
782 2522 829 2579 illa
856 2522 983 2599 scripsit,
1008 2519 1080 2579 adeo
1100 2526 1210 2583 retus
1200 2546 1232 2584 m
1251 2527 1282 2588 U

215 2614 274 2671 'troo
293 2624 364 2672 erat
402 2610 523 2676 Primam
543 2633 640 2674 eornm
658 2615 826 2673 mentionem
845 2603 942 2673 extare
967 2616 1123 2693 putaverim
1148 2618 1229 2694 apud

215 2706 313 2763 'rooem
340 2702 416 2764 his
408 2728 436 2765 ιιι
464 2708 550 2782 locis,
576 2707 692 2783 Orator
722 2727 746 2765 c.
766 2710 815 2780 48,
836 2710 864 2780 6
888 2711 959 2767 161.
989 2727 1154 2775 -eorurn
1169 2727 1219 2768 oor

215 2814 333 2872 quorem
351 2798 459 2858 oocdom
477 2806 557 2858 nont
574 2806 729 2878 postrenus
748 2799 866 2875 litterae,
888 2820 958 2877 quon
975 2805 1070 2859 suot
1059 2821 1090 2860 su
1109 2813 1260 2879 optumus,

213 2895 347 2949 mocorono
372 2892 494 2952 littorum
518 2891 716 2969 danobrium,
741 2898 795 2952 uisi
820 2894 925 2953 uocalis
949 2892 1154 2971 insequebatur.
1200 2900 1256 2954 lto

213 2989 274 3040 oroi
299 2982 415 3058 offensio
440 2990 471 3046 in
497 2986 638 3062 uersibus,
667 3003 751 3064 mauro
784 3004 880 3045 nuno
912 2985 1025 3063 fugiunt
1055 2994 1190 3071 postne
1225 2988 1311 3049 nor

212 3075 334 3136 Tuscul.
354 3084 383 3153 ³,
405 3083 457 3138 19:
488 3082 643 3159 Onoetom
668 3082 816 3156 syrmium,
841 3098 1009 3157 quamquam
1028 3079 1066 3138 ob
1083 3080 1128 3138 lsis
1155 3091 1271 3143 conto
1296 3088 1305 3101 “

212 3164 277 3227 bur
294 3171 761 3250 Eopborionislcoutemnilur.

288 3262 452 3324 iudicantur
477 3267 560 3344 igitur
586 3278 689 3345 poetae
709 3268 750 3326 M.
770 3267 856 3327 Tullii
882 3267 1033 3344 aequales,
1058 3283 1129 3341 nec,
1149 3278 1184 3327 ut
1205 3269 1235 3326 ι’

212 3371 329 3430 omnes,
357 3359 408 3419 sed
433 3362 504 3418 certi
530 3361 653 3437 quidam.
683 3360 750 3429 rQui
778 3371 807 3419 et
831 3361 931 3440 quales
950 3362 968 3417 ii
987 3360 1102 3432 ineunt,
1120 3360 1208 3421 facile
1228 3378 1274 3423 est

210 3449 425 3524 assequendum.
465 3453 550 3522 Quod
570 3454 607 3512 ad
630 3458 764 3513 stouilotis
790 3450 1009 3533 appellationem
1036 3456 1152 3528 attinet,
1181 3458 1280 3533 quid'

209 3537 291 3615 'pedit
297 3580 308 3611 ,
334 3546 481 3620 quominus
502 3548 583 3623 quod
610 3549 727 3606 triennio
746 3548 807 3607 fere
825 3559 890 3627 post
908 3547 1022 3624 Virgilio
1046 3546 1145 3605 eodem
1175 3553 1266 3612 verbo

209 3639 285 3689 ctum
305 3642 358 3707 est,
378 3639 478 3698 eodem
497 3658 581 3698 sensu
600 3642 779 3718 accipiamus,
800 3643 852 3701 ecl
872 3646 902 3713 3,
922 3642 975 3697 86·
1307 3644 1308 3649 ’

480 3731 570 3792 Pollio
590 3737 643 3791 ct
634 3752 693 3810 quo
708 3733 782 3806 [ocii
801 3754 872 3794 nora
891 3735 1032 3803 corotico,
1051 3730 1116 3791 -l

206 3804 287 3874 flio
278 3821 363 3896 igitur
381 3824 487 3902 Virgilii
506 3825 605 3884 iudicio
623 3844 713 3886 noctu
744 3834 826 3902 poeto
850 3828 914 3887 suit.
953 3824 1030 3884 De
1022 3844 1083 3904 rpso
1110 3826 1234 3905 Virgilio
1281 3833 1287 3843 '

205 3911 302 3972 medes
322 3934 352 3992 p.
371 3921 438 3975 430.
449 3917 581 3977 Porsen:
573 3919 680 3980 Illud
697 3925 781 3979 uiam
799 3939 902 3997 scoquo
921 3937 990 3978 utro
1007 3918 1155 3980 oidmdum
1175 3930 1230 3992 col,

132 4068 134 4074 ,
203 4015 311 4066 veteres
336 4013 430 4070 osonio
447 4010 490 4070 ccl
508 4011 607 4085 υιιὸα,
634 4013 677 4071 ool
704 4017 829 4091 nomino,
849 4032 955 4090 quoo'o
972 4006 1064 4072 littero
1082 4012 1268 4094 inmotum·

198 4097 356 4179 limbis,
383 4103 427 4164 osi
449 4108 652 4166 consumtum
676 4107 813 4184 producto
838 4114 962 4177 muana
995 4106 1089 4167 littero
1117 4110 1194 4186 prof
