2650 4700
464 188 516 251 sn
530 131 622 258 reru.
1018 185 1099 286 m

28 389 102 442 istum
118 398 232 440 neeesse
248 378 317 454 leet,
342 387 374 438 rt
399 335 584 440 Germanicas
600 375 630 434 in
648 382 799 455 quaeanrs
823 375 891 452 (Dio
909 374 962 456 55,
978 381 1041 456 ill.)
1059 379 1100 448 ela

28 477 81 554 irie
98 476 286 534 dimitteretur.
327 469 397 531 lllrd
417 489 469 549 pro
489 478 566 529 certo
584 472 736 550 posuerim,
761 467 921 532 Planasiam
943 474 1099 552 Agrippam

28 564 151 644 elegatum
170 587 245 627 anno
266 568 324 626 759
344 584 401 625 nou
421 582 493 628 esse.
532 563 618 632 Quod
637 565 710 622 enim
731 565 804 623 bona
831 566 890 623 eius
907 566 1049 644 publicata
1067 576 1099 632 et

28 662 177 718 sacrarium
195 663 316 720 militare
341 659 454 718 redacta
472 657 528 716 Dio
555 659 656 732 tradit,
683 656 720 717 ad
746 657 897 716 monndam
921 659 997 717 illam
1022 662 1098 720 rele-
1220 723 1224 729 ,

28 753 133 827 urionem
151 755 212 832 ipse
231 754 337 813 reterre
356 751 474 822 ridetur,
501 761 532 810 et
551 750 703 809 Suetonius
732 751 809 830 quod
827 751 864 809 de
882 751 950 811 Sota
969 753 1096 831 tradidit,

28 844 124 903 dhane
143 867 200 906 rem
227 847 353 925 inprimis
376 854 505 923 spectare
531 841 663 917 disarim3
690 863 743 904 nec
767 846 902 924 potuisset
926 844 963 906 de
983 856 1096 910 amento

28 940 161 999 utrimouio
185 942 265 1022 queri
288 939 429 1018 Agrippa,
456 936 508 998 nisi
533 946 616 996 antea
642 934 786 995 abdicatus
811 936 925 1014 lauret,
950 947 981 1000 et
1005 941 1099 1019 patria

28 1031 113 1107 lngusti
129 1044 269 1112 potestate
287 1035 456 1111 emigrasset.
495 1028 573 1090 Istud
594 1047 660 1087 vero
678 1029 770 1109 iprum
788 1032 926 1091 aeranem
946 1051 1020 1094 anno
1038 1033 1098 1094 759

28 1124 115 1198 pdmmn
137 1128 265 1186 fundarit
288 1130 444 1205 Augustus,
471 1140 564 1202 neque
590 1125 644 1183 Dio
670 1125 690 1184 Ι.
710 1124 761 1199 55,
787 1123 836 1216 25.
854 1144 899 1203 sq.
924 1136 1018 1187 tacere
1042 1146 1115 1207 pon

28 1215 112 1292 amer,
135 1220 158 1278 si
180 1222 293 1280 summis
319 1220 378 1279 eius
401 1218 468 1275 anni
493 1219 625 1295 augustiis
649 1219 689 1276 ita
714 1217 1020 1280 subventum“·foissec
1063 1219 1100 1280 Sl

28 1324 73 1367 reru
88 1312 153 1374 salso
177 1325 273 1374 statuo
298 1311 336 1373 ad
361 1309 529 1393 publicanda
549 1312 623 1370 bona
648 1312 718 1371 Scto
747 1331 818 1389 opas
842 1311 947 1387 sumre,
969 1320 1099 1391 quum&

28 1415 65 1476 aue
79 1415 117 1461 est
134 1407 257 1487 Agrippa
283 1427 340 1466 noa
365 1416 424 1463 tarn
448 1404 486 1465 de
512 1413 621 1465 retento
647 1406 815 1484 patrimonio
840 1415 954 1485 praeter
978 1405 1098 1483 morem,

28 1493 62 1551 red
80 1495 112 1555 de
129 1518 178 1575 eo,
204 1500 282 1579 quod
306 1499 430 1579 quarnris
457 1498 585 1578 deposita
609 1518 686 1558 anno
710 1499 768 1558 758
794 1509 941 1579 praetexta
963 1500 1009 1560 rui
1032 1501 1099 1564 ioris
1204 1517 1206 1522 ’
1292 1513 1293 1516 ’

28 1601 67 1646 tou
81 1601 157 1668 esset,
176 1604 275 1673 utpote
294 1594 445 1673 adoptatus
464 1607 539 1651 anno
563 1594 633 1668 757,
651 1595 702 1668 ita,
722 1604 754 1652 ut
773 1594 848 1652 bona
874 1595 933 1652 eins
958 1594 1100 1671 publicata

28 1692 128 1754 paternus
145 1706 206 1745 cum
225 1688 394 1746 Surrentum
413 1695 613 1764 reponeretur,
632 1690 679 1744 cui
696 1686 818 1765 opinioni
835 1686 912 1747 favet
934 1687 1097 1764 Suetonius,

28 1774 62 1846 qui
75 1776 131 1835 iiiuc
148 1782 302 1857 relegatum
320 1779 385 1838 dicit
403 1778 437 1839 ol
455 1783 593 1855 inperium
618 1779 804 1840 sordident
829 1799 855 1839 c.
874 1779 937 1856 65,
956 1779 986 1839 lr.
1005 1799 1031 1838 e.
1049 1782 1099 1859 qul

29 1862 87 1924 bouis
106 1875 223 1948 paternis
250 1873 371 1933 noluerit
395 1892 510 1949 carere,
543 1894 600 1932 non
625 1874 796 1951 intelligente
821 1873 1045 1948 Graeviortum
1061 1893 1100 1934 ne

29 1955 78 2019 llud
92 1966 195 2042 quidem
214 1970 306 2047 ipsum
326 1976 393 2026 ante
411 1986 519 2026 annum.
542 1966 580 2026 ad
605 1967 747 2025 minimum
774 1970 834 2025 760
858 1966 963 2028 iactam
976 1979 1103 2047 voportet

29 2065 120 2132 propter
143 2079 254 2120 mnsam
278 2060 438 2121 iudicatam.
490 2061 595 2121 Verum
627 2060 770 2122 uideamus
794 2060 919 2122 deloco
946 2061 1045 2142 Velleii
1069 2068 1102 2139 2,

32 2147 97 2223 lta,
120 2153 164 2211 ubi
181 2156 254 2214 inter
272 2154 348 2212 initia
380 2141 446 2214 belli
463 2154 613 2215 Pannonici
637 2154 677 2212 ita
702 2154 839 2214 referture
861 2160 923 2217 Hoc
946 2155 1007 2230 fere
1027 2164 1102 2220 rsa-

31 2254 79 2312 porr
91 2244 221 2325 Agrippa,
239 2250 289 2325 qai
307 2246 399 2305 cariem
416 2247 471 2322 dia,
492 2266 552 2325 quo
573 2245 723 2324 mimus,
746 2248 898 2327 adoptotm
921 2248 957 2309 ol
979 2269 1032 2311 coo
1048 2269 1101 2312 erro

31 2335 263 2418 suarattaratae
281 2343 339 2399 iam
358 2348 423 2400 orta
441 2340 596 2416 leonium,
624 2340 716 2418 malie
734 2349 819 2419 meet,
847 2361 982 2423 apparare
1006 2362 1102 2422 mope-
1209 2394 1217 2411 „

31 2431 71 2493 tet,
85 2435 150 2490 mira
166 2438 305 2512 pravitate
323 2438 410 2497 calori
434 2443 461 2494 st
483 2438 585 2512 inperii
602 2435 634 2493 io
650 2439 816 2515 prosapitio
842 2455 989 2498 oenomaus
1012 2441 1105 2516 patrie
1137 2488 1142 2514 ,
1186 2492 1192 2496 .
1275 2514 1281 2523 ι

32 2524 94 2594 nque
108 2529 222 2587 eiusdem
239 2533 289 2588 noi
306 2533 352 2588 eui
370 2532 495 2588 naimone
512 2529 645 2588 oliaarwit
663 2527 726 2586 sili.
765 2530 819 2588 llio
839 2530 958 2589 dubium
984 2541 1027 2590 est
1045 2532 1105 2610 pri·

33 2624 100 2686 mlle,
116 2618 149 2676 ad
165 2618 252 2701 'quem
272 2641 375 2681 annum
395 2623 448 2681 ista
466 2623 636 2701 pertineant,
654 2622 679 2679 si
696 2633 826 2682 accurato
854 2624 987 2701 temporis
1005 2624 1106 2687 ordine
1165 2660 1169 2681 .

33 2698 102 2764 eurr
116 2712 182 2789 sint3
210 2717 552 2797 noudumeaimconstat
569 2716 643 2773 iuter
666 2716 831 2793 interpretes
856 2714 973 2794 Velleii,
1000 2736 1104 2797 coepe·

34 2793 87 2857 ritus
103 2803 198 2866 bellurn
217 2808 408 2869 Pannonicum
426 2812 495 2886 759,
514 2829 551 2869 an
571 2813 649 2884 7603
675 2808 788 2885 deinde,
807 2827 874 2868 nom
891 2810 945 2870 isto
960 2811 1059 2871 'ordini'
1070 2829 1104 2873 ee

34 2885 138 2969 religiose
154 2905 309 2964 astrinxerit
326 2905 462 2983 scriptore
483 2893 599 2965 vidimus
618 2892 692 2963 eninr
710 2902 849 2981 duplicem
860 2906 1001 2984 Agrippae
1013 2905 1106 2965 offen·

34 2980 116 3046 runem
133 2998 296 3056 narrandam
323 2990 350 3058 ei
373 2999 472 3070 faisse,
498 2999 574 3079 qnod
599 2998 624 3057 si
649 2999 702 3059 isto
726 2997 755 3055 io
782 2997 845 3055 looo
871 2997 955 3073 serit,
979 3000 1106 3059 oratione

36 3080 151 3145 manunt
175 3110 248 3171 quae
273 3100 401 3172 tempore
430 3094 581 3164 distarent,
607 3089 770 3170 etquidem
795 3091 895 3150 biennii
921 3092 1028 3170 spatio,
1053 3090 1105 3151 nisi

36 3165 108 3250 lator,
125 3180 266 3246 deterant.
304 3188 442 3265 Loquitur
459 3189 543 3264 igitur
559 3188 589 3245 in
607 3196 781 3244 antecessum
800 3184 837 3243 de
852 3184 934 3244 exilio
959 3182 1108 3263 posteriori

36 3260 169 3351 lampae,
194 3298 231 3340 ne
256 3282 388 3339 continua
411 3280 544 3338 virtutum
571 3278 679 3337 Tiberii
705 3279 847 3353 narratio,
874 3294 948 3356 quae
971 3277 1108 3354 sequitur,

37 3352 215 3440 interpellanda
238 3376 292 3450 sit,
324 3385 410 3451 atque
437 3374 527 3433 obiter
558 3373 682 3431 meminit
714 3366 892 3448 relegationis
915 3370 1109 3447 Surrentinae,

36 3463 94 3521 luae
109 3459 213 3523 biennio
232 3478 308 3542 ante,
325 3465 356 3524 lr.
374 3485 400 3525 e.
422 3466 450 3523 in
469 3467 534 3525 belli
550 3465 704 3525 Pannonici
721 3475 870 3543 apparatu,
889 3462 918 3522 h.
938 3482 964 3524 e.
983 3465 1042 3523 759
1060 3481 1110 3523 ao·

38 3539 97 3644 ‘llll
131 3552 174 3612 lta
191 3562 301 3638 egregie
319 3560 483 3620 Suetonium
503 3570 533 3621 et
549 3560 669 3619 Dionem
699 3569 891 3647 compensaret
914 3558 1048 3634 Velleius,
1065 3558 1111 3620 rel
1139 3620 1143 3627 ,

38 3647 68 3690 uo
82 3648 166 3704 amen
189 3664 302 3728 praeter
327 3654 428 3712 biennii
451 3650 619 3712 mentionem
644 3652 706 3731 ipso
733 3653 932 3726 accuratiorem
958 3662 1043 3731 atque
1062 3649 1108 3711 lu·

40 3743 158 3797 traremm
175 3745 359 3823 plenissimam
378 3764 471 3803 rerum
490 3754 520 3803 et
537 3754 695 3823 temporum
713 3743 944 3822 descriptionem,
963 3757 1040 3807 certa
1058 3746 1113 3805 de-

34 3819 108 3900 ,nique
124 3831 176 3894 fide
194 3837 358 3899 doceremur
377 3840 508 3900 Ovidium
533 3838 632 3898 eodem
657 3840 805 3922 annoq761
825 3840 933 3897 Tlomos
958 3839 1113 3916 relegatum

40 3907 127 3995 losse,
149 3947 203 4005 quo
222 3936 373 4013 Agrippam
398 3931 566 3992 Planasiam
607 3932 713 3989 Verum
739 3933 811 3991 enim
840 3950 907 3992 vero
931 3932 1114 3993 admonemur
1206 3986 1209 4001 ,
1253 3924 1256 3931 ⁴

41 3994 64 4058 3⁰
78 4005 177 4079 Velleio
196 4031 279 4087 rerba
298 4026 385 4107 pluris
404 4047 476 4102 esse,
495 4044 579 4106 quam
605 4035 786 4105 sergestus:
809 4026 924 4102 eiiam,
949 4031 1041 4109 prais
1064 4034 1115 4107 atq

43 4110 272 4197 emove
296 4125 342 4180 sor
367 4125 492 4201 assas
516 4119 649 4191 seam
671 4118 966 4200 &arrogatione
991 4119 1116 4219 epra
