2650 4700
219 167 295 263 nt
573 173 958 244 neumausscms

270 367 356 447 Neo
380 362 523 443 domiuo
547 386 692 466 poenae
710 385 773 442 res
796 385 845 439 ea
869 385 1004 441 cauma
1027 355 1111 440 tm.

160 503 166 515 ·
220 474 275 550 at
299 496 364 549 cur
389 473 427 544 in
453 473 579 543 nemra
603 470 711 541 nimia
736 473 795 542 est
820 465 976 544 lasciuia
998 467 1119 560 Mosa,
1164 521 1170 527 -

271 572 398 652 curve
423 594 524 646 uneus
549 572 712 669 cuiquam
733 568 867 646 suadet
891 593 1012 646 arnsre
1036 566 1157 656 libeat

154 685 215 745 ³¹⁵
225 677 293 755 Nil
317 677 388 748 nisi
412 680 600 774 peccatum
625 671 886 770 manifestaque
911 672 1020 774 culpa
1042 669 1227 750 latendum
1247 677 1293 750 cd

272 780 443 855 Paenitet
468 777 602 874 ingenii
624 773 819 873 iudiciique
843 775 923 851 mei.

224 880 303 959 Cur
327 903 401 956 non
425 877 613 978 Argolicis
637 880 758 982 potius
781 900 876 978 quae
899 871 1060 955 concidit
1082 872 1194 950 armis

302 1084 371 1137 312.
415 1097 477 1138 unc
503 1097 633 1138 nomrso
660 1109 701 1124 ·-
727 1095 852 1138 caussa
876 1091 964 1138 rurs.
1003 1080 1071 1137 Non
1097 1078 1224 1138 dominae
1285 1084 1294 1127 t

225 1175 331 1237 poenus
349 1159 455 1215 Bassia
478 1175 565 1213 conso
592 1156 761 1214 Combianus
783 1176 838 1236 pro
866 1174 925 1213 var.
952 1157 1100 1234 scriptura.
1147 1156 1218 1211 Huic
1239 1172 1296 1210 cm

229 1236 342 1291 nimium
368 1234 493 1291 tribuens
521 1234 648 1290 Heinsius
664 1273 666 1279 ,
681 1235 768 1291 multa
800 1243 976 1309 congesserat
1003 1234 1041 1288 de
1067 1229 1250 1299 libroRuscii
1268 1248 1286 1285 e

229 1310 332 1383 moedi,
351 1312 399 1386 qui
419 1328 437 1366 a
461 1310 604 1367 Macrobio
622 1310 769 1384 laudatur,
794 1310 833 1366 de
851 1312 913 1385 lege
937 1309 1057 1381 Roscia,
1080 1304 1156 1379 alia,
1182 1324 1249 1383 quse
1269 1328 1296 1353 *b

230 1389 275 1444 uix
292 1390 444 1464 pertinent,
464 1387 635 1443 coniecturas
655 1386 841 1463 adscripscrat
860 1405 959 1463 parum
984 1386 1115 1444 idoneas:
1143 1384 1240 1462 dannan
1263 1408 1285 1432 a·

228 1482 283 1521 noe
300 1482 345 1521 res
364 1482 415 1533 eu3
435 1462 535 1519 donmn
554 1481 650 1520 scenae
669 1467 792 1533 Rosciu3
821 1466 885 1520 Nec
906 1461 1008 1520 domno
1027 1468 1204 1537 uttispoeaoe
1225 1477 1261 1517 res
1282 1492 1287 1501 ·=

229 1559 315 1597 causo
333 1537 400 1611 satit.
438 1538 583 1596 Postremo
603 1557 711 1596 versum
731 1550 891 1617 corrttptum
916 1538 1118 1615 pronunciavit.
1157 1537 1264 1594 Scluat*
1283 1556 1289 1579 t

228 1633 285 1674 non
307 1617 474 1672 moderatius
498 1625 630 1690 evagatus
648 1618 677 1672 in
696 1616 870 1673 emendando
895 1614 1013 1692 postlrac
1036 1614 1109 1672 adeo
1137 1631 1190 1692 pro
1213 1610 1284 1669 adul

228 1694 290 1748 nnn
315 1693 429 1750 notavit.
468 1691 550 1749 Duae
574 1710 618 1748 res
645 1691 791 1749 offensioni
814 1693 928 1749 luerunt
953 1692 1051 1749 criticis
1067 1700 1099 1749 et
1123 1690 1285 1766 interp

229 1768 353 1825 Primum
373 1788 427 1825 non
448 1769 513 1825 satis
542 1766 720 1825 confidebant
745 1767 885 1826 dominum
903 1767 1031 1825 lenonem
1055 1784 1140 1845 posse
1165 1763 1224 1824 dici.
1256 1761 1296 1819 fl..

228 1854 306 1903 recte
324 1845 384 1902 fieri
402 1844 486 1902 docet
503 1845 612 1901 Seneca
636 1845 732 1902 rhetor
757 1846 891 1902 Contrua.
917 1845 938 1901 l.
958 1845 981 1918 l,
1000 1850 1039 1900 2:
1064 1842 1246 1901 mandoline
1257 1855 1294 1914 pt·

228 1937 280 1981 rus
298 1920 405 1997 quiden
424 1924 536 1996 cmttipit
555 1921 692 1978 dossinus.
713 1920 781 1980 ibid.
800 1921 959 1994 swanus,
978 1920 1044 1997 quid
1061 1923 1091 1978 in
1112 1926 1139 1977 te
1156 1918 1247 1978 cudere
1260 1932 1294 1991 pu-

229 2002 313 2056 nierit
331 1996 440 2055 lunatio
459 1998 642 2054 durninorum.
681 1997 800 2071 Deinde,
821 1996 896 2076 quod
915 2011 951 2056 ex
967 1998 1014 2055 illo
1034 1995 1152 2075 pendet,
1172 2014 1223 2053 non
1239 1989 1294 2048 intel·

229 2075 363 2151 ligebant,
382 2093 433 2131 cur
451 2073 557 2131 lenonis
577 2073 621 2130 liic
640 2074 753 2130 tandem
771 2076 874 2141 mentio
893 2073 984 2131 fieret.
1003 2073 1146 2131 Petebant
1157 2071 1192 2129 de
1209 2069 1294 2132 actions

251 2168 287 2206 ua
312 2152 377 2206 leno
402 2151 565 2206 necessitate
590 2167 757 2225 quacunque
781 2169 844 2207 cum
871 2150 1059 2208 meretricibus
1086 2150 1196 2207 iunctus
1218 2155 1242 2204 et
1274 2158 1294 2200 n

229 2226 239 2282 i
260 2227 282 2282 is
300 2225 561 2296 obstrictussuerit,
579 2226 655 2301 loqui
674 2236 799 2302 poetam,
824 2227 881 2283 siue
899 2227 946 2283 ille
965 2226 1027 2303 lege
1051 2228 1144 2286 iussus
1164 2219 1260 2292 ‚suerit'

229 2310 418 2392 econspectu
436 2301 588 2358 Vestalium
607 2317 796 2373 summouere,
822 2301 897 2381 quod
916 2294 1029 2379 lllicyllo
1054 2304 1143 2360 uisum
1167 2312 1223 2360 ests

230 2378 255 2435 si
273 2378 369 2450 luent,
389 2396 508 2454 poenam
527 2380 682 2452 meruisset,
702 2379 785 2455 quod
798 2389 916 2455 negatur
933 2398 951 2436 a
970 2391 1069 2457 poeta:
1095 2381 1155 2438 siue
1172 2381 1199 2437 in
1215 2382 1294 2437 smum

229 2455 386 2513 Floralibus
404 2455 475 2513 ludis
494 2473 542 2513 eas
559 2454 731 2531 produxerit,
751 2456 827 2533 quod
846 2455 1008 2514 Burmanno
1026 2457 1144 2535 placuit,
1168 2455 1213 2533 qui
1224 2453 1293 2537 Λιξῑξ·

229 2532 333 2589 stinum
353 2530 390 2588 de
410 2531 462 2589 civ.
482 2531 510 2588 d.
529 2537 561 2604 2,
580 2534 629 2588 26.
650 2550 705 2588 non
725 2532 785 2588 sine
801 2533 894 2589 lructu
920 2532 1049 2610 legisset:
1075 2534 1134 2590 siue
1153 2530 1294 2610 proposuttti

228 2609 258 2669 iu
284 2617 399 2669 cataec
447 2608 520 2665 Hinc
544 2609 628 2665 etiam
653 2606 777 2681 tactum,
808 2618 839 2667 nt
864 2610 1022 2667 Gronovius
1040 2603 1188 2667 Secundus
1210 2610 1293 2680 capti!

228 2685 493 2760 manauerint
518 2703 598 2741 versu
625 2686 778 2760 explicaret
799 2686 833 2753 jn
851 2687 977 2762 margine
1005 2685 1082 2759 libri,
1107 2689 1166 2762 qrb
1190 2676 1293 2740 musali

226 2763 338 2836 pictum
356 2766 383 2817 et
401 2762 517 2833 stubam,
536 2759 678 2817 (laninam
697 2762 790 2837 igitur,
810 2763 857 2838 qui
876 2763 939 2819 illas
966 2763 1088 2839 picturas
1107 2759 1249 2839 possederit
1277 2822 1283 2841 ι

230 2845 286 2894 rus.
334 2836 439 2892 Verum
466 2855 522 2893 uon
547 2846 601 2909 est,
627 2837 704 2912 quud
735 2838 864 2895 lenonem
890 2840 946 2895 ullo
979 2839 1063 2896 modo
1088 2857 1142 2916 pro
1161 2828 1294 2914 impudidttt

227 2911 383 2988 puellarum
401 2911 560 2970 satisfacere
577 2913 707 2972 debuisse
729 2916 894 2973 statuamus.
932 2914 998 2973 Non
1023 2914 1184 2973 satislacere
1205 2920 1292 2969 consu·

227 2988 282 3045 rit:
302 2987 357 3045 lroc
374 2989 465 3064 ipsum
483 2997 586 3066 poetae
603 3006 705 3047 causae
734 2992 870 3049 convenit.
908 2991 973 3069 lpse
996 2991 1075 3069 quasi
1101 2980 1292 3051 canninibnslt·

226 3064 366 3121 uocinium
385 3067 558 3138 instituerat,
582 3067 764 3123 meretriciam
789 3077 878 3124 artem
903 3067 1081 3126 exbibueratr
1106 3069 1131 3125 si
1151 3084 1204 3144 qus
1219 3056 1292 3139 pudic

224 3158 292 3198 casn
311 3141 359 3198 illa
379 3142 521 3216 evolverit,
540 3141 781 3218 quemadmodum
798 3145 965 3201 castissimae
989 3140 1199 3222 impudicissima
1215 3133 1291 3207 criu·

224 3219 336 3292 proviso
359 3218 498 3276 interdum
523 3219 676 3295 aspiciunt,
710 3238 761 3276 cur
787 3219 851 3277 ideo
879 3219 1049 3298 puniretnr‘.l
1077 3214 1235 3278 Occurrenti
1253 3207 1292 3266 lt·

223 3294 287 3349 stali
313 3295 472 3351 meretrices
489 3296 570 3368 lictpr
587 3313 655 3352 sane
673 3298 881 3371 summovebat,
901 3296 1021 3354 docente
1039 3297 1148 3355 Seneca
1165 3297 1187 3354 l.
1204 3293 1237 3364 l,

221 3368 289 3444 ipsis
307 3371 497 3427 sacerdotibus
516 3370 668 3428 cavendum
687 3371 782 3448 luisse,
801 3372 874 3430 idem
885 3373 1155 3433 iudicatltisuerbisz
1173 3367 1290 3441 lodium*

221 3444 375 3503 mondolio
392 3445 517 3520 dicerem,
535 3449 563 3505 si
580 3450 731 3505 transisses
747 3467 796 3524 per
815 3449 964 3525 inpunor.‘

297 3525 364 3578 313.
403 3537 448 3578 ar
474 3540 546 3580 cun.
584 3524 625 3580 At
649 3541 735 3598 natare
758 3525 900 3582 Palatinus
926 3538 983 3584 sec.
1008 3518 1290 3591 sedaremus·

223 3613 337 3672 novem,
366 3608 492 3657 mutante
516 3599 636 3675 primum
664 3599 765 3658 Aldina
796 3621 871 3677 sec,
904 3600 954 3659 sed
980 3603 1063 3660 etiam
1083 3602 1136 3659 bac
1158 3592 1291 3678 posteriore

219 3667 394 3747 Bersmauni,
414 3675 578 3752 Gryplriana
597 3685 650 3733 etc.
690 3676 774 3735 Vers.
795 3697 854 3757 seq.
896 3681 953 3737 Gerr
969 3681 1077 3736 neumis
1099 3681 1221 3753 ntiquom
1235 3656 1289 3723 Gli

218 3745 430 3882 illecelfflspeus
448 3770 566 3827 trapeam
584 3752 686 3810 iterum
714 3753 856 3813 Palatinus
884 3773 941 3813 sec.
960 3764 991 3813 et
1017 3764 1085 3813 vett.
1110 3753 1175 3812 edd·
1198 3745 1289 3818 excepit

218 3833 307 3881 aoem
379 3827 435 3885 ma
1256 3880 1259 3893 .

293 3902 360 3962 sm.
399 3920 579 3961 sarnanum
599 3922 669 3962 sss.
707 3904 749 3961 lta
767 3922 819 3981 pro
839 3906 952 3981 irrigato
970 3907 1055 3983 longe
1099 3884 1288 3982 lupimontt'tll'

214 3974 345 4036 morum:
360 3978 490 4052 *summio
516 3988 558 4038 est
576 3978 658 4037 codd.
684 3977 774 4038 Palat.
803 3990 937 4060 uterque,
965 3981 1063 4042 Gueil.
1079 3925 1208 4040 ltraneot.
1227 3961 1286 4028 livi·

212 4048 323 4110 Pirclb.
343 4055 465 4131 quinque
478 4054 542 4113 alii:
561 4055 637 4136 quod
657 4055 732 4115 unde
751 4066 843 4115 orbim
861 4063 913 4133 sit;
934 4077 1026 4138 neque
1043 4062 1117 4118 enim
1134 4048 1285 4133 iussum

210 4126 248 4182 ris
274 4147 337 4189 esse
361 4132 486 4190 uideturr
512 4150 563 4190 cur
585 4133 715 4193 Heinsius
739 4135 893 4213 receperim
925 4154 991 4195 narn
1016 4136 1137 4197 Palatini
1158 4127 1232 4213 prbi
1250 4118 1284 4177 ω’
