2650 4700
481 188 532 254 m
550 185 639 254 ΙΒΙΝ.
1019 206 1100 284 apg

31 386 90 459 riis,
106 381 214 463 quitus
228 376 510 459 uapntmbrtsnns
533 376 596 453 suit,
617 380 715 458 utqui
735 399 760 442 r.
779 382 829 446 Μ.
853 382 985 448 Sullanos
1006 387 1100 454 matu

32 490 103 540 roret.
137 478 218 536 Certe
245 473 474 533 verisimiliussst
489 491 564 533 anno
582 476 640 532 713
659 474 713 533 ista
731 477 834 555 scriptu
851 495 929 555 esse,
955 497 1011 544 noo
1030 484 1098 546 sul.

32 571 79 636 loro
94 583 218 649 tempore.
257 571 296 627 Ac
313 568 338 625 si
355 567 440 632 modo
466 564 542 625 aliud
565 568 632 645 quid
656 569 686 626 in
712 570 768 627 istis
793 559 958 642 carminibus
982 583 1095 659 conspr.

33 685 94 724 ruom
111 674 188 737 esset,
207 671 292 742 atque
309 663 398 721 oratio
417 660 567 719 admodum
587 663 660 721 culta
680 664 878 743 castigatoque,
907 679 1019 744 praeter
1036 674 1114 752 qur·

33 758 79 817 den
96 777 195 816 uersum
215 756 408 843 intercalarem
427 756 588 814 'sbeorritei
606 757 689 814 moris
708 769 737 816 et
755 759 870 831 inuenti,
893 760 1099 840 disputaremus

33 861 89 910 rrrte
102 852 134 910 de
148 870 190 920 eo,
210 859 302 907 utrum
323 852 432 908 maioris
451 849 545 927 operis
562 850 716 927 particula,
743 847 786 910 rel
814 850 929 929 eclogae
957 856 1041 933 duae,
1059 877 1098 923 au

34 963 84 1021 spru
105 965 152 1022 per
176 963 206 1003 se
238 945 285 1010 illa
323 943 495 1002 riderenturr
527 960 757 1019 persequeremur
789 947 872 1004 etiarn
903 949 1099 1026 coniecturam,

35 1039 110 1114 roipta
133 1057 189 1098 esse
207 1056 225 1095 a
244 1037 410 1111 Cornificio,
436 1038 484 1114 qui
502 1037 526 1093 si
544 1033 654 1111 Virgilii
680 1037 869 1114 obtrectator,
897 1050 968 1106 testa
985 1045 1098 1108 Donato

38 1131 71 1192 tit
85 1132 153 1208 Virg.
172 1136 201 1204 §.
221 1132 289 1203 68„
307 1139 337 1186 et
356 1130 391 1187 ob
410 1130 457 1187 illo
477 1139 587 1187 notatus
605 1128 659 1187 fuit
677 1148 756 1189 versu
774 1133 828 1192 ecl.
848 1136 877 1205 5,
896 1137 941 1197 8.r

101 1257 107 1264 «
154 1224 294 1283 Montibus
314 1224 342 1280 iu
363 1224 461 1280 uostris
479 1221 557 1280 solos
576 1221 626 1281 tibi
644 1230 731 1281 cartul
748 1226 898 1302 Arrtprrlos,

37 1324 88 1374 tote
101 1316 202 1391 Servio,
222 1335 337 1374 necesse
356 1327 408 1390 est,
434 1318 535 1374 ricinus
560 1315 645 1375 suerit
670 1317 793 1394 Virgilii,
821 1331 850 1379 et
873 1322 948 1383 bunc
971 1324 1112 1393 inrsnem'

37 1412 157 1469 aemulatus
186 1414 231 1471 sit.
280 1410 382 1470 Gallus
408 1410 471 1469 ideo
496 1410 655 1468 nominatur
680 1430 698 1468 a
723 1412 858 1472 Cledorsio
892 1432 947 1478 art.
982 1442 1098 1499 gramm.
1292 1485 1293 1490 χ

37 1505 143 1576 plara.
166 1502 298 1573 Putsclr.,
323 1504 426 1562 seilicet
445 1504 485 1560 nti
503 1505 603 1562 Furius
621 1505 771 1562 Bibaculus
790 1507 984 1594 Cremonensis
1002 1517 1101 1579 Gallus
1215 1537 1221 1542 “
1292 1505 1293 1518 ¹

40 1594 94 1657 rudit
108 1596 250 1656 scholiastis
271 1599 379 1656 Horatii
398 1597 505 1656 adSat.
524 1603 553 1665 2,
572 1601 603 1672 7,
622 1601 683 1672 36,
699 1600 800 1656 Aorsoi
819 1618 848 1677 p.
868 1605 935 1664 ³39.
956 1606 991 1666 ed
1003 1609 1103 1688 Basil,

39 1687 114 1764 Cmeq.
137 1710 165 1767 p.
191 1695 258 1752 399.
305 1693 347 1752 Ac
372 1710 435 1748 cum
464 1691 500 1748 ab
519 1691 690 1766 Hieronymo
715 1690 752 1750 ad
770 1691 883 1753 Eusebii
910 1717 938 1757 n.
967 1705 1054 1761 1976.
1072 1724 1100 1765 a.

38 1776 65 1835 tl.
77 1784 124 1837 712
142 1784 211 1841 bello
231 1784 366 1844 occidisse
383 1784 494 1858 dicitnr,
515 1783 624 1842 ridetur
641 1784 682 1857 id,
709 1784 763 1843 leri
781 1786 898 1864 fortasse
923 1805 1036 1869 praeter
1052 1817 1104 1857 au.

40 1877 112 1931 ntroin
136 1878 280 1938 Abralrarui
308 1879 441 1936 rationem
469 1876 714 1955 parachronismo,
750 1879 786 1937 ad
812 1883 914 1946 beilum
938 1886 1105 1953 Perusinum

40 1968 163 2044 rainere,
192 1985 301 2049 gesturo
328 1973 451 2050 inprimis
477 1974 512 2030 ab
539 1972 632 2029 eiectis
656 1982 686 2029 et
709 1974 832 2050 spoliatis
859 1981 960 2055 partim
985 1984 1104 2043 Cremo·

39 2063 150 2137 trnribus,
168 2070 267 2143 partim
288 2067 464 2130 transnanto„
497 2066 616 2142 Appian.
643 2066 708 2126 bell.
733 2069 785 2125 civ.
811 2069 972 2154 ⁵‚1o.sq.
1009 2078 1108 2139 Altero

40 2153 84 2210 uio
98 2159 171 2217 modo
196 2162 248 2217 ista
275 2159 312 2217 de
331 2163 443 2218 crinitae
459 2157 619 2235 praetorum
638 2171 667 2217 et
686 2160 722 2218 de
740 2161 862 2223 boricio
881 2166 956 2236 huno
982 2172 1104 2248 qnadra-

41 2258 98 2321 rent;
120 2262 146 2309 et
163 2255 203 2310 rix
223 2252 375 2331 quidquam
394 2253 615 2326 desideraretur,
642 2271 725 2331 quam
751 2257 837 2333 iilud,
862 2261 963 2321 librum
980 2266 1105 2339 lqdiom

42 2335 171 2420 mrdptum
202 2346 306 2407 fuisse:
332 2347 408 2425 quod
436 2348 550 2409 inveniri
577 2357 673 2425 posset
691 2349 720 2407 in
745 2354 834 2412 verbis
862 2353 965 2433 Ovidii,
988 2362 1012 2419 si
1036 2382 1106 2442 pre-

41 2433 196 2499 modarius
239 2442 296 2501 leuc
317 2440 445 2516 Gourlrioi
463 2460 571 2519 parque
594 2443 709 2501 cornuis
724 2462 802 2518 opus.

41 2520 82 2582 Sed
95 2533 190 2592 etiamsi
207 2554 274 2595 vero
294 2535 395 2594 Catoni
414 2554 478 2594 cunr
496 2535 568 2592 falso
586 2535 634 2592 illo
654 2539 813 2605 convenerit
837 2542 950 2602 nomino
974 2549 1106 2628 amasias,

42 2613 123 2680 ltrriria
140 2629 238 2703 operis,
268 2630 401 2706 inprimis,
420 2637 557 2706 utputo,
582 2636 693 2701 aetate,
719 2636 891 2707 superaverit
918 2640 1036 2701 eundem
1055 2645 1108 2704 do·

43 2711 202 2796 mittatque
220 2724 357 2797 artificio,
384 2730 503 2800 oportet,
522 2724 545 2779 ri
564 2723 594 2780 in
612 2721 711 2779 eodem
734 2721 843 2801 fastigio
871 2728 971 2794 doctae
989 2756 1108 2815 possm

42 2815 96 2863 rnre
112 2813 143 2867 ab
168 2818 328 2893 aequalibus
354 2818 505 2874 collocatus
527 2817 590 2891 suit,
609 2817 638 2874 in
662 2835 720 2894 qun
746 2818 859 2881 Heluius
886 2826 994 2906 Cinna,
1019 2832 1106 2896 Corn.

41 2893 115 2959 (illins
132 2916 158 2964 et
175 2908 306 2988 Virgilius
323 2911 465 2987 conspicui
481 2909 605 2971 suemnt·

96 2996 203 3060 Cinnam
220 3006 250 3063 irr
269 3004 333 3062 Asia
351 3004 489 3062 studuisse
506 3014 535 3064 et
553 3007 668 3065 Aratum
687 3008 821 3069 imitatum
840 3032 902 3073 esse
921 3017 1029 3076 ridetur
1045 3020 1109 3098 cpi·

41 3097 137 3154 imma
154 3099 257 3171 testari,
276 3096 352 3174 quod
371 3107 510 3155 serratum
530 3110 573 3157 est
591 3102 627 3159 ab
648 3102 757 3160 Isidoro
771 3106 883 3184 Hispal.
901 3112 933 3185 a,
954 3116 1007 3169 12r
1047 3112 1053 3120 '
1117 3134 1123 3147 ·

205 3196 283 3255 Husn
300 3191 350 3248 tibi
368 3192 477 3250 Arateis
495 3192 611 3250 mollum
628 3195 747 3270 ciplloto
764 3197 883 3258 lucernis

252 3286 394 3355 Curatius,
414 3288 476 3362 quis
494 3289 571 3362 ipses
589 3291 843 3364 annumerandos,

208 3382 294 3437 lauis
312 3382 342 3437 irr
361 3379 471 3440 oridrrln
490 3380 598 3440 molum
614 3380 753 3459 descripto
771 3382 860 3446 blatto

249 3471 382 3530 Prusiaca
400 3475 462 3530 rexi
479 3492 595 3533 mrrucro
613 3468 752 3535 nummio.

40 3542 163 3618 Pfflrlrrea
187 3565 294 3642 scripsit
317 3568 529 3644 propempticon
554 3568 704 3644 Pollionis,
734 3589 809 3631 anun
827 3574 867 3634 U.
886 3595 912 3636 c.
934 3580 1001 3650 714,
1019 3589 1050 3639 ct
1067 3581 1110 3641 in·

43 3645 118 3716 lfmis
126 3653 279 3732 Smyrnam.
296 3659 441 3716 Assiduum
452 3661 480 3716 in
500 3679 535 3717 eo
554 3680 641 3739 opere
659 3667 788 3723 noreunii
807 3668 1024 3732 lucubrationem
1041 3694 1112 3734 con·
1217 3714 1220 3718 -

43 3743 159 3803 uetudini
176 3750 234 3808 eins
252 3772 315 3810 cum
334 3753 575 3829 grammaticorum
594 3774 680 3834 grege
698 3759 898 3836 imputaverim.
938 3767 1012 3826 Nam
1029 3770 1113 3828 Cras-

40 3826 112 3893 ⁸lliurtr
135 3842 191 3900 eius
218 3846 351 3904 clientem.
367 3845 455 3904 inisse
477 3848 629 3909 Suetonius
654 3861 777 3910 testatur·
797 3854 834 3916 ds
858 3877 901 3936 gr·
928 3881 954 3923 c.
980 3868 1049 3939 18„
1075 3863 1113 3923 ds
1239 3866 1246 3905 t

40 3935 84 3995 l¹¹⁰
98 3929 160 3991 illud
178 3940 345 4016 epigramma
363 3941 516 4016 ferebatur,
985 4017 987 4023 ‚

187 4034 242 4090 Uri
261 4036 396 4096 &usalis
414 4053 445 4107 so
465 4034 571 4095 orodsrs
588 4040 710 4112 Satyrou
727 4040 855 4121 probauit
872 4059 927 4109 ers.

41 4098 148 4187 Vinium
163 4123 228 4184 item
246 4130 334 4187 amico
352 4148 403 4188 suo
423 4129 530 4189 cunae
548 4135 761 4213 propempticon
787 4140 915 4219 scripsit,
938 4144 1031 4207 soluts
1048 4145 1112 4227 qni·
